2162 3094
431 221 665 271 rusnrsrro.
724 192 729 202 ’
899 218 948 270 265

149 348 254 406 oropius
265 348 393 396 accedant.
430 349 521 396 Gestus
531 351 592 397 item
601 349 736 407 aliquoties
746 361 913 406 personarum
924 352 949 392 et

148 416 274 462 nonnullo
287 429 397 476 paterga
407 417 509 465 diversa
523 421 590 466 sunt.
618 417 682 464 illud
694 419 734 463 est
748 415 864 474 insigne,
881 416 948 472 quod

149 484 332 531 Ambrosianus
346 485 378 531 ad
392 486 676 532 Heautontimorumeni
688 486 778 532 Actum
793 487 833 528 ni.
848 497 947 530 scenam

149 555 190 598 111.
208 565 231 598 v.
245 555 342 598 xxxii.
360 555 487 600 Pictorem
506 553 627 600 ineditam
647 553 751 600 exhibet
766 551 906 597 Chremetis
924 554 949 596 et

149 620 209 679 Syri
221 620 429 678 colloquentium.
464 623 504 668 Ea
522 635 601 680 porro
619 620 777 667 sVaticsnis
796 619 948 665 membranis

148 688 244 734 idcirco
254 689 338 748 abest,
354 689 414 747 quia
424 690 498 736 unica
512 691 540 736 in
555 691 592 736 eis
607 703 684 736 sceno
694 691 746 745 est,
761 701 836 744 quom
850 688 877 733 in
888 687 948 732 duas

147 755 310 805 Ambrosiuni
320 757 415 804 codicis
428 758 539 815 scriptor
550 758 673 805 distinxit.
708 756 743 802 Et
757 759 842 802 tamen
857 755 949 801 ibidem

148 837 238 870 munus
246 825 368 881 quaedam
378 825 509 872 recentior
516 825 685 872 differentiam
694 825 734 870 his
742 823 827 870 verbis
837 823 949 868 notavit:

148 891 227 938 Mults·
235 899 324 939 textus
332 889 402 940 hanc
413 906 516 940 scenam
527 895 688 940 coniunctam
699 891 796 937 habent
809 892 949 950 superiori,

149 957 218 1020 quod
231 956 321 1007 nocitus
336 961 446 1007 videtur.
481 962 619 1007 Praeterea
633 963 692 1006 ante
706 959 881 1018 Adelphorum
895 959 949 1016 epi-

150 1028 271 1086 graphem
284 1031 437 1086 personulae
448 1029 570 1086 quaedam
583 1031 716 1088 protomus
727 1030 865 1074 occurrunt
875 1027 951 1084 plane

149 1095 216 1142 oliae
225 1097 257 1142 uh
268 1095 350 1142 editis.
368 1097 485 1154 Denique
494 1097 645 1142 Phormioni
654 1095 787 1154 personati
796 1095 856 1140 item
867 1095 950 1140 vultus

149 1166 336 1222 praefiguntur,
357 1177 463 1221 quorum
480 1164 575 1211 similes
590 1166 686 1210 frustra
704 1164 731 1208 in
747 1163 820 1210 editis
835 1175 950 1218 quaeras.

151 1233 216 1278 Sunt
229 1234 313 1278 uutem
327 1233 511 1278 Ambrosianus
525 1233 642 1278 Picturae
661 1231 737 1288 paulo
752 1231 881 1275 Vaticanis
897 1231 950 1275 eie-

149 1299 289 1359 gantiores,
301 1303 422 1356 quantum
431 1313 480 1358 ego
492 1299 590 1357 quidem
602 1313 635 1345 ex
652 1298 790 1344 collatione
800 1299 949 1355 praesertim

148 1367 338 1426 Agincurtanue
355 1367 484 1414 Editionis
504 1367 567 1413 mihi
585 1366 776 1424 deprehendere
799 1365 868 1410 visus
888 1379 949 1410 suin.

150 1435 275 1494 (Namque
288 1435 316 1480 in
331 1435 506 1492 superioribus
520 1434 683 1479 Editionibus
698 1434 812 1491 picturae
829 1433 950 1479 cultiores

149 1515 213 1548 vero
224 1504 320 1548 edictae
330 1497 469 1563 putantur).
496 1503 578 1548 Habet
588 1501 696 1558 denique
706 1501 748 1546 hic
762 1500 950 1558 antiquissimus

106 1582 107 1585 ’
150 1570 233 1618 codex
247 1569 374 1615 variarum
383 1569 522 1616 lectionum
531 1569 689 1628 praeclarum
698 1571 811 1628 segetem
821 1571 846 1614 et
861 1569 950 1626 copio-

150 1638 263 1684 sissimas
282 1637 395 1698 glossas,
415 1638 504 1695 quibus
524 1651 573 1696 ego
592 1637 751 1696 publicandis
767 1636 816 1682 boc
836 1639 950 1694 tempore

150 1705 314 1764 supersedeo.

316 1776 409 1820 Scholia
428 1778 516 1820 inedita
536 1778 620 1820 codicis
635 1777 785 1819 Ambrosiani.

199 1845 282 1892 Habet
301 1848 326 1892 et
345 1846 443 1892 scholia
463 1847 584 1904 quaedam
606 1846 715 1904 margini
734 1846 865 1905 adiuncta,
887 1858 950 1902 quse

149 1926 232 1970 neque
243 1913 370 1971 sequioris
381 1915 471 1960 aetatis
482 1915 635 1975 iudicamus,
650 1927 724 1972 quum
734 1915 815 1972 ipsum
827 1913 949 1972 codicem,

149 1995 232 2038 neque
247 1981 327 2027 multo
347 1982 500 2040 antiquiora.
536 1984 622 2029 Genus
642 1995 730 2028 eorum
749 1996 798 2029 nec
817 1981 949 2028 admodum

150 2049 254 2106 elegans
266 2063 314 2096 nec
324 2050 400 2108 plane
409 2052 556 2110 barbarum,
574 2063 689 2109 pressum
698 2052 784 2096 tomen
794 2053 820 2097 et
828 2051 948 2096 nitidum:

150 2117 263 2173 quamvis
281 2119 377 2164 Auctor
396 2131 412 2163 a
426 2121 512 2166 rectae
533 2118 684 2166 cruditionis
703 2119 804 2164 tramite
823 2119 948 2163 interdum

149 2183 259 2230 recedet.
274 2184 313 2231 Ea
319 2189 388 2233 certe
399 2200 456 2232 cum
466 2187 541 2234 editis
551 2187 737 2233 adTerentium
747 2186 861 2244 scholiis,
868 2199 948 2240 quan-

148 2254 199 2298 tum
211 2252 276 2312 vidi,
291 2253 356 2299 nihil
369 2258 526 2313 congruunt:
544 2269 622 2313 quare
633 2257 659 2300 et
668 2267 756 2300 eorum
766 2255 887 2310 excerpta
897 2252 948 2296 soi-

149 2322 199 2366 tem
207 2321 339 2379 potissima
349 2321 444 2380 publici
454 2323 517 2370 iuris
527 2323 642 2370 iacimus.

190 2417 269 2460 Plauti
281 2423 304 2460 et
319 2418 426 2462 Terentii
444 2421 534 2464 codices
544 2419 689 2463 Ambrostmi
703 2417 907 2474 praestantissimis

480 2475 621 2520 acceusendi.

199 2553 243 2598 lx.
262 2553 393 2611 Reliquum
408 2557 460 2616 est,
479 2555 564 2614 utqui
580 2553 716 2612 aliquando
731 2553 758 2599 in
772 2552 883 2599 libellum
900 2566 949 2599 no-

150 2622 229 2667 strum
239 2621 384 2678 inciderint,
394 2623 413 2669 ii
422 2623 614 2683 copiosissimus
624 2621 792 2670 bibliothecae
802 2621 949 2668 Ambrosia-

150 2702 199 2736 nae
213 2690 321 2748 gratiam
334 2690 457 2754 habeant,
473 2706 507 2740 ex
516 2706 565 2752 qua
580 2691 687 2739 duorum
697 2689 870 2738 codicumtam
885 2689 949 2736 insi-

151 2757 237 2818 gnium
247 2759 385 2818 specimina
394 2774 448 2808 uon
458 2761 514 2809 sine
524 2761 650 2809 litterario
661 2761 745 2810 iructu
756 2759 949 2808 decoramento..
