2184 3104
204 191 252 244 ϋῦ
469 195 678 240 TRlNUMU&

201 313 232 370 rit
243 319 361 386 aliquem
372 319 407 368 ad
418 333 508 384 regem
520 317 548 367 in
559 318 683 384 saginam
695 316 777 370 herus
788 335 816 369 se
829 319 951 370 oonient

366 408 451 444 meus.

202 469 290 522 Credo
303 469 337 520 ad
353 483 474 519 summos
485 466 634 520 be'llatores
646 466 734 518 aorem
745 496 784 506 —
798 467 948 536 fugitorem

366 543 426 594 iore

201 619 229 672 et
239 627 382 688 capturum
393 581 484 684 sp'olia
493 617 534 667 ibi
544 646 581 654 -
591 618 678 681 illum,
690 618 739 686 qui
749 617 809 669 meo
821 616 888 670 hero
900 619 947 669 ad-

366 708 463 744 vorsus
479 691 596 754 ve'nerit3

201 768 310 836 egomet
320 774 424 830 antem,
440 782 522 833 quom
534 766 671 834 extemplo
693 783 785 818 arcum
803 774 831 819 et
851 767 949 836 phare-

365 850 437 894 tram
449 848 476 893 et
490 843 606 908 sagittas
620 835 772 911 srinrpsero,

148 927 187 970 loo
204 919 336 970 cassidem
347 919 376 968 in
391 911 486 984 caput,
501 917 676 968 -dormibo
692 917 800 984 placide
813 918 842 968 in
857 919 948 971 taber-

217 1050 218 1054 *
366 991 477 1043 niculo.

204 1069 246 1120 Ad
260 1069 350 1119 iorum
365 1069 427 1118 ibo:
447 1060 548 1118 aridius
559 1073 651 1119 sextus
662 1068 728 1134 quoi
742 1068 874 1120 talentum
890 1063 949 1120 mri-

368 1149 445 1193 tuom

204 1217 277 1281 dedi,
289 1231 445 1342 reposoafim:
465 1214 634 1280 inhibeam,
651 1233 755 1269 meonm
768 1217 840 1286 qnod
852 1218 948 1282 feram,

367 1292 396 1343 vi
415 1291 508 1344 ticum.

474 1465 677 1488 w

349 1637 552 1684 ncTUsrll.
597 1636 738 1682 scENA
763 1639 805 1684 lll.

271 1765 885 1813 maaARoNIDES.cnuL10Lns.

204 1913 255 1948 run.
278 1897 312 1948 Ut
323 1896 390 1948 milri
400 1913 456 1948 rem
467 1911 574 1959 narras,
587 1894 727 1959 Callicles,
739 1895 815 1947 nullo
827 1899 911 1950 modo

204 1979 296 2040 potest
305 1971 369 2023 lieri
381 1987 505 2038 prorsus,
517 1970 582 2037 quin
594 1971 645 2020 dos
656 1970 736 2022 detur
746 1971 855 2039 virgini.

204 2061 250 2099 cn.
261 2047 386 2115 Namque
395 2044 487 2098 he'role
496 2044 609 2097 honesto
618 2045 682 2097 fieri
690 2045 775 2097 ferme
784 2047 838 2099 non
847 2055 949 2116 potest,

202 2129 234 2173 nt
244 2121 303 2174 eam
314 2121 454 2190 perpetiar
464 2120 503 2172 ire
513 2121 543 2170 in
554 2119 757 2172 matrimonium

149 2208 160 2250 5
203 2199 262 2250 sine
274 2195 346 2261 dote,
357 2211 439 2266 quom
452 2197 511 2246 eiua
521 2195 578 2248 re'm
589 2211 671 2264 penes
682 2213 724 2248 me
735 2195 851 2248 habeam
862 2199 946 2250 domi.

201 2287 254 2325 mn.
275 2271 378 2324 Parata
389 2271 440 2323 dos
452 2271 528 2323 domi
542 2268 596 2334 eat3
617 2271 671 2322 nisi
686 2270 830 2338 expectare
840 2274 891 2338 vis,

201 2354 234 2399 nt
244 2347 303 2400 eam
315 2349 374 2400 aine
385 2347 449 2399 dote
460 2345 546 2398 irater
555 2353 668 2413 nuptum
681 2345 806 2411 oollooet,

203 2430 267 2490 post
277 2423 361 2476 adeas
371 2429 429 2475 tute
440 2421 595 2473 Philtonem
606 2428 634 2472 et
648 2420 738 2474 dote'm
751 2423 816 2474 dare

202 2505 229 2549 te
239 2499 266 2549 ei
276 2497 364 2550 dieas:
385 2497 476 2550 facere
487 2497 516 2547 id
527 2496 587 2547 eius
598 2498 634 2548 ob
648 2496 798 2548 amicitiam
813 2499 908 2565 patris.

150 2581 174 2624 lo
204 2571 304 2623 Verum
316 2571 369 2624 hoo
378 2588 430 2639 ego
441 2587 550 2634 vereor,
564 2587 597 2622 ne
609 2571 694 2624 istaec
703 2572 870 2639 pollicitatio

204 2653 229 2697 te
240 2649 269 2698 in
280 2647 381 2698 crimen
396 2646 500 2714 populo
514 2644 599 2712 ponat
610 2653 692 2714 atque
701 2646 853 2700 infamiam.

11 2721 12 2732 ¹
109 2763 114 2772 .
203 2721 266 2772 Non
276 2721 377 2774 temere
391 2721 485 2772 dicant
499 2717 526 2770 te
536 2721 681 2788 benignum
692 2721 804 2788 virgini:
