2162 3094
404 227 635 274 PRAEFATIO.
869 223 916 278 261

120 354 235 400 Plautina
246 353 378 399 comoedia
389 354 427 399 est
436 351 496 398 item
507 351 605 399 cultura
617 325 692 398 animi
699 383 706 412 ,
721 365 785 410 quae
796 352 919 398 convellit

121 423 181 469 vitia
189 421 319 468 radicitus.
343 421 423 466 Multa
432 421 454 466 is
464 435 526 468 sane
537 421 597 468 dicit
607 421 727 480 illustria,
738 421 843 477 eiusque
854 420 918 465 scri-

119 491 167 548 ptis
178 503 229 536 non
246 489 327 535 solum
344 489 375 534 ad
390 489 601 548 oblectationem,
620 489 664 534 scd
678 487 709 534 ad
725 489 802 534 vitam
817 501 918 544 quoque

118 559 240 616 agendam
262 558 298 603 uti
319 570 462 615 possumus.
495 557 578 603 Mirm
598 557 665 604 enim
685 556 821 614 ethologus
840 555 917 602 Plau-

118 629 157 672 tus
173 628 218 672 m·
252 694 344 750 Scripta
354 693 425 738 multa
434 693 510 738 Plauti
521 696 607 738 incerta
618 698 656 737 atrt
666 700 780 750 corrupta.

168 773 211 818 ΠΙ.
231 772 282 819 Sed
295 774 380 818 tamen
401 774 426 818 et
440 772 507 818 hunc
521 771 617 818 latinae
631 772 735 830 linguae
749 775 838 818 liorem
853 774 917 818 tem-

118 855 207 899 porum
219 840 314 886 iniuria
323 840 488 886 vehementer
497 839 610 898 infregit.
646 841 708 886 Nam
725 840 916 897 primoquidem

119 909 269 967 gravissima
279 908 329 954 iam
338 907 398 952 inde
408 921 423 951 a
433 907 523 964 priscis
532 907 630 952 Latinis
639 908 755 964 quaestio
765 908 878 953 manavit
888 908 918 952 de

45 983 46 986 ’
119 975 307 1022 comoediarum
318 974 558 1021 verePlautinarum
574 989 689 1021 numero.
716 975 863 1034 Feruntur,
878 975 918 1020 in-

119 1045 173 1101 quit
184 1043 280 1088 Gellius
294 1040 332 1102 ¹),
348 1042 394 1088 sud
404 1041 497 1087 Plauti
503 1044 603 1087 nornine
612 1044 721 1089 circiter
731 1050 830 1090 centum
841 1050 919 1102 utque

120 1111 239 1170 triginta.
276 1108 327 1155 Sed
338 1108 412 1154 horno
423 1110 610 1156 eruditstsimua
620 1109 649 1155 L.
665 1109 753 1157 Aelius
768 1112 877 1170 quinque
894 1118 918 1156 ct

119 1178 211 1236 csssginti
220 1178 274 1224 cius
284 1190 340 1224 esse
349 1177 420 1224 colas
431 1178 600 1224 existimauit.
641 1177 728 1224 Varro
735 1186 849 1236 praeter
857 1179 919 1224 illos

118 1259 196 1290 unam
207 1251 233 1290 et
239 1245 343 1304 rsps'nti,
358 1258 425 1304 quoe
445 1245 628 1290 Varronianus
642 1252 785 1305 uocantum·
805 1259 870 1306 qscua
885 1248 920 1292 s‘c-

119 1314 188 1379 circo
199 1327 217 1356 u
227 1315 322 1359 ceteris
332 1308 488 1373 segregarit,
507 1313 627 1372 quonium
636 1313 759 1360 dubiosae
771 1329 822 1360 non
832 1321 919 1372 eraut,

118 1382 165 1428 sed
174 1395 297 1428 consensu
307 1381 417 1426 onsnsism
426 1379 518 1426 Plauti
526 1393 581 1426 ease
590 1381 781 1440 censebuntur;
795 1383 919 1440 quosdam

118 1450 179 1494 s‘tcm
190 1449 260 1494 ulios
270 1448 398 1506 probarit
409 1447 535 1492 adductus
549 1448 610 1493 stilo
620 1454 700 1506 utque
707 1449 816 1508 facetia
825 1461 920 1494 sermo-

118 1518 158 1561 nis
170 1515 264 1562 Plauto
282 1515 459 1574 congruentia:
475 1527 569 1573 easque
584 1515 638 1558 ium
652 1517 794 1562 nominibus
807 1517 919 1562 aliorum

119 1589 262 1642 occupatus
273 1582 368 1628 Plauto
378 1582 527 1628 vindicarit.
555 1582 660 1628 Servius
670 1582 730 1630 item
744 1583 776 1628 ad
786 1583 919 1629 AEneidem

120 1655 138 1697 1.
150 1665 188 1709 pr.
199 1653 246 1696 ait:
259 1650 379 1696 Plautum
390 1651 441 1696 aiii
448 1650 536 1697 dicunt
545 1658 600 1695 xx.
611 1651 841 1712 etunnussnbulua
856 1654 920 1698 aeri.

115 1721 215 1778 paiste,
231 1719 281 1764 ulii
291 1728 338 1763 xe.
351 1719 401 1763 ulii
413 1734 434 1764 c.
446 1717 529 1764 Gellio
546 1720 681 1776 praeterea
696 1719 857 1776 exploratum
873 1725 919 1777 est,

118 1790 233 1832 veterum
248 1800 347 1843 quoqne
360 1788 492 1844 poetarum
502 1786 601 1832 fabulas
616 1787 730 1832 aPlauto
746 1787 825 1834 tuisse
835 1789 919 1833 retra-

119 1858 199 1900 ctatas
215 1857 290 1912 atque
307 1853 448 1912 expolitas:
466 1853 534 1899 unde
548 1867 637 1900 rursus
658 1855 750 1913 ingens
765 1855 878 1902 dubietas
894 1857 918 1901 in

119 1922 294 1968 discernendis
310 1921 392 1968 Plauti
407 1921 486 1978 ipsius
506 1921 607 1980 scriptis
628 1925 721 1969 exorta
733 1925 779 1970 est.
817 1926 867 1968 lam
878 1925 919 1980 qui

118 1991 235 2036 Plautum
253 1990 359 2048 propius
377 1992 467 2034 nostra
484 1991 601 2047 tempora
618 1993 677 2048 post
698 1994 801 2038 renatas
823 1991 920 2037 litteras

119 2059 300 2118 emendarunt,
319 2071 374 2104 cum
390 2057 468 2103 malta
483 2060 550 2103 bona
564 2058 591 2103 in
606 2071 661 2104 eam
676 2072 729 2104 rem
745 2059 919 2115 contulerunt,

117 2127 266 2172 tumetium
287 2125 396 2182 plurima
416 2125 478 2170 vitia
499 2125 619 2173 nolentes
637 2127 801 2173 invexerunt.
838 2127 918 2180 Quum

118 2195 187 2241 enim
196 2193 323 2239 mutandis
332 2193 425 2251 passim
435 2191 597 2253 lectionibus,
608 2193 743 2240 metiendis
753 2197 850 2241 temere
861 2207 919 2240 ver-

118 2264 203 2322 sibus,
222 2261 366 2308 inserendis
382 2261 456 2307 etiam
472 2261 537 2306 locis
552 2260 643 2308 alienis
658 2261 752 2307 multus
768 2261 918 2307 criticorum

118 2331 192 2376 labor
207 2330 336 2388 impensus
351 2329 396 2388 sit,
414 2329 531 2375 Plautum
540 2329 640 2386 quidem
654 2341 670 2374 a
679 2328 770 2375 Plauto
782 2329 918 2374 vehemen-

117 2399 216 2444 tissime
227 2397 362 2444 dissentire
376 2410 482 2444 necesse
493 2399 539 2443 est

279 2466 401 2519 Plautinus
412 2476 575 2532 palimpsestus
586 2476 755 2519 Ambrosianus.
776 2471 777 2474 ¹

172 2541 214 2585 lv.
228 2539 279 2585 Sed
289 2538 396 2584 afflictae
406 2551 435 2584 ac
445 2538 558 2596 perditae
568 2537 608 2584 rei
617 2537 750 2584 Plautinae
761 2537 921 2595 medicinam,

119 2609 142 2655 si
156 2609 240 2654 minus
251 2620 364 2665 omnem,
380 2608 406 2652 at
421 2606 509 2652 saltem
520 2606 674 2663 aliquantam
686 2608 711 2652 et
725 2605 845 2664 optimam
854 2619 922 2652 nunc

116 2719 423 2732 mun—nnn·-

160 2777 178 2812 1.
191 2771 238 2812 nia.
248 2773 286 2812 111.
302 2772 349 2826 cap.
358 2777 375 2814 a
