2162 3094
148 208 197 266 aad
479 215 509 263 Α.
531 215 615 262 nnn

148 343 186 388 dia
195 341 274 400 longe
285 341 318 387 ait
327 341 423 399 aptior:
435 341 527 400 quippe
538 341 581 398 qui
591 343 670 388 artem
681 341 772 387 nullibi
781 342 863 388 minua
873 356 950 399 quarn

146 411 174 456 iu
184 409 303 456 obacenia
314 409 473 456 aermonibua
483 413 509 455 et
517 409 673 468 turpitudine
684 409 801 456 collocat.
827 411 909 457 Porro
923 415 950 457 et

147 476 334 524 delicatiaaimia
345 477 460 523 vcraibna
473 477 566 536 utitur,
582 479 608 522 et
620 476 796 534 politiaaimam
805 477 949 524 doctrinam

146 545 342 592 trauamarinam
356 544 488 604 exprimit,
509 544 612 602 egregie
627 544 709 590 cultus
724 545 833 602 acriptor
850 549 875 590 et
889 546 945 591 ele-

147 627 220 673 gam,
230 613 302 660 cuiua
313 613 437 660 suavitate
447 612 556 658 maxime
568 611 672 658 delinita
681 613 760 658 Roma
770 615 815 658 eat

167 711 304 754 Terentiam
314 703 539 752 codicca'Vaticanua
548 713 572 751 et
581 709 744 751 Ambrosianus
754 723 803 752 cum
813 709 923 752 Picturia.

195 789 249 832 vii.
265 786 345 832 Huius
355 785 451 832 inedita
461 786 560 842 quidem
571 798 649 843 opera
660 787 754 832 frustra
764 787 819 844 quir
829 789 943 844 quaerat

145 856 208 900 Nam
223 857 326 912 praeter
340 853 484 900 comoedias
500 867 546 900 aex
561 853 654 914 editae,
674 855 759 901 nullae
778 855 944 902 aveteribua

146 925 332 978 memorantur,
358 922 472 980 exceptio
493 921 544 966 illia
568 923 668 967 centum
687 924 713 968 et
732 925 802 981 octo,
828 935 889 980 quaa
908 937 944 969 ex

145 990 288 1036 Menandro
302 989 381 1035 latine
396 1001 548 1048 converaaa,
568 990 702 1047 naufragio
720 990 833 1036 amicitae
849 990 943 1035 dicitur

147 1059 236 1104 vivena
251 1057 396 1104 Terentius.
430 1057 519 1114 Neque
534 1058 618 1102 tamen
636 1058 740 1102 fortuna
756 1057 783 1102 in
800 1057 850 1104 hoc
865 1059 942 1103 etiam

147 1126 250 1171 Comico
264 1125 325 1170 mihi
341 1138 393 1170 non
407 1124 478 1170 favit.
510 1123 625 1180 Namque
641 1125 667 1169 in
687 1127 819 1183 pervetere
834 1125 941 1182 quodam

146 1195 308 1240 membraneo
325 1191 425 1250 codice,
440 1192 483 1249 qui
498 1191 563 1250 apud
577 1204 625 1237 noa
640 1194 692 1248 eat,
711 1193 887 1249 celebratoque
904 1193 942 1237 iili

146 1260 269 1305 Vaticano
281 1259 380 1304 videtur
390 1259 545 1318 simillimae,
560 1259 644 1316 aliqua
654 1259 807 1318 deprehendi
820 1259 941 1320 nondum,

147 1331 174 1372 ut
191 1329 252 1384 puto
269 1326 385 1384 cognita,
404 1339 467 1382 quae
481 1327 513 1371 ad
527 1327 676 1372 Terentium
693 1327 869 1373 illustrandum
887 1341 942 1372 non

145 1393 309 1442 mediocriter
319 1395 462 1440 conferunt.
491 1395 703 1440 Terentianarum
713 1409 846 1442 coenarum
856 1395 942 1441 Pictu-

145 1475 187 1508 raa
198 1477 212 1508 e
227 1462 315 1509 codice
325 1462 449 1508 Vaticano
460 1462 607 1508 Mainardua
618 1463 780 1510 Vrbinatibue
795 1463 862 1522 typis
873 1476 942 1507 anno

146 1533 205 1588 port
224 1530 268 1576 ch.
287 1531 319 1576 N.
338 1539 520 1576 unccxxxvr.
545 1529 669 1588 vulgavit:
692 1543 753 1588 quaa
772 1533 856 1576 tamen
876 1530 941 1575 haurd

146 1598 225 1644 multo
239 1599 298 1644 ante
314 1597 528 1644 commentationi
542 1611 603 1643 auae
618 1597 649 1644 dc
661 1594 784 1644 Perconic
798 1598 943 1644 inseruerat

146 1665 344 1724 Chriatophorua
353 1666 488 1724 Bergerua.
524 1667 588 1711 Tum
599 1665 701 1712 caedem
715 1665 851 1724 grandiore
862 1679 941 1722 opere

143 1733 250 1793 triginta
259 1733 333 1779 annia
347 1735 407 1791 pont
421 1745 475 1780 non
484 1733 540 1780 aine
553 1746 622 1780 nova
630 1733 783 1780 recenaione
794 1737 819 1779 et
830 1733 896 1778 notia
907 1733 939 1777 ci.

145 1800 306 1858 cocqnelinii
315 1801 410 1847 Romae
423 1814 529 1848 recuaae
545 1804 610 1848 aunt.
645 1801 761 1858 Denique
772 1801 857 1846 codice
865 1800 938 1845 Vati-

144 1881 208 1913 canc
228 1883 285 1914 curu
304 1868 437 1916 innumera
454 1869 548 1926 praeda
566 1869 653 1915 italica
670 1869 784 1914 Pariaioa
805 1867 940 1926 translato,
1011 1914 1013 1918 ,

143 1935 298 1994 Agincurtua
316 1935 409 1983 ibidem
428 1937 596 1984 Terentianae
616 1936 698 1982 denuo
718 1937 832 1982 Picturaa
852 1936 940 1993 expri-

143 2004 247 2050 mendae
258 2004 357 2050 cnravit
367 2003 483 2063 fideliter,
495 2008 522 2050 ut
531 2005 579 2062 ipsi
589 2004 689 2062 quidem
699 2003 770 2050 cordi
780 2003 839 2049 tuit:
853 2005 938 2048 utrum

143 2073 227 2117 autem
236 2085 279 2117 rea
294 2083 327 2117 ex
343 2071 433 2128 optimi
442 2070 587 2129 Antiquarii
602 2071 728 2118 cententio
738 2071 857 2127 cernerit,
871 2070 939 2116 hand

143 2139 245 2186 definite
259 2137 451 2184 adfirmaverim.

198 2210 398 2253 Ambrcaiaaarmn
410 2211 712 2308 picturarugrtpraeatantia.
742 2211 781 2254 Ex
790 2210 819 2252 iia
834 2213 881 2252 trec

485 2280 522 2309 rna
540 2283 546 2308 ι
558 2279 591 2308 ae.

191 2329 257 2372 viii.
276 2329 328 2373 iam
348 2327 431 2374 codex
450 2327 632 2374 Ambrosianus
651 2328 725 2374 habet
743 2327 818 2384 plane
837 2326 938 2372 eaedem

140 2395 254 2443 Picturaa
264 2398 339 2452 atquc
348 2395 495 2453 Vaticanua,
507 2393 643 2452 eademque
654 2397 736 2442 aetate
747 2394 854 2452 scriptur
865 2393 936 2440 vide-

140 2466 194 2519 tur,
208 2477 299 2520 nempe
313 2463 416 2510 caecula
430 2461 532 2508 circiter
542 2471 582 2508 lx.
593 2462 659 2520 quod
674 2463 856 2508 ePicturarum
871 2461 935 2508 acri-

139 2531 279 2585 pturaeque
295 2531 397 2585 natura,
411 2529 482 2575 cuiua
495 2528 534 2576 rei
550 2529 678 2586 utriusque
689 2529 827 2587 specimina
840 2529 935 2582 dancus,

140 2595 268 2640 coniiccre
278 2595 371 2642 licebit.
390 2597 484 2642 Verum
493 2597 521 2642 in
530 2595 580 2642 hoc
589 2599 644 2643 fere
654 2597 738 2643 differt
747 2600 836 2642 noster
844 2597 935 2653 codex,

140 2661 208 2716 quod
222 2665 326 2707 ornatus
341 2663 467 2709 interdum
484 2663 602 2709 nonnihil
616 2664 737 2709 abludunt
752 2667 782 2710 ab
798 2664 885 2720 editio,
900 2664 936 2708 ita

138 2729 222 2773 tamen
243 2731 269 2773 ut
283 2729 465 2776 Arnbroaianae
486 2731 599 2789 picturae
615 2731 646 2776 ad
665 2731 820 2791 antiquitatis
840 2733 935 2778 format
