2162 3094
424 283 647 332 vlovnnnln.
885 281 935 334 279

272 409 311 453 Tu
321 421 388 454 nunc
403 421 523 466 supersus
536 409 607 454 solus
617 409 730 454 sermoni
739 421 797 453 meo
808 420 849 453 es:
889 407 894 418 '

214 477 254 520 ³4.
273 475 331 521 Tibi
341 489 396 521 meo
407 475 515 522 consilio
524 479 572 522 eto.

426 595 650 642 viuvunnln.

273 677 339 729 Quid
349 713 455 724 ............
476 679 572 736 quido·
588 713 644 726 .......

262 744 323 790 ¹Seii
333 745 450 802 quidnam
461 759 510 804 ego
524 781 580 793 .......

400 812 519 858 audivisti
530 813 588 870 quid
604 847 660 860 .......

274 879 313 931 Qu
324 913 379 926 .......
392 883 482 926 voouin
492 915 548 926 .......
559 881 620 925 aiot
629 915 745 926 ..............

273 982 330 992 .......
341 959 443 1004 possum
454 947 613 1004 opinor

273 1014 320 1059 Est
329 1015 364 1059 its
373 1029 406 1060 on
416 1013 637 1076 mori(itosorvios
648 1029 667 1070 qn
743 1013 846 1075 disquis
899 1049 901 1053 .

275 1080 376 1132 Quinta
388 1117 444 1128 .......

273 1147 336 1192 Nom
347 1162 393 1205 qur
403 1185 518 1196 ..............
530 1149 610 1194 nsiror

273 1217 331 1262 Non
346 1217 424 1263 sumni
433 1217 534 1273 quidem
544 1249 600 1262 .......

273 1283 438 1329 Laboriosum
451 1317 507 1330 .......
518 1286 544 1328 ut
557 1285 637 1341 Syrus
649 1315 705 1327 .......

273 1350 352 1395 vtita
366 1387 421 1396 .......
432 1351 534 1407 aliquan
548 1383 664 1396 ..............

274 1417 331 1462 Tuli
341 1418 364 1462 si
374 1431 403 1463 uo
413 1418 489 1462 tontis
498 1421 556 1462 tuoe
567 1419 626 1462 sunt
636 1418 772 1460 oonsnoise
783 1428 869 1458 manus

275 1486 356 1540 Ainus
371 1518 428 1531 .......
735 1522 737 1530 ,

275 1551 385 1596 Mollitia
394 1553 492 1596 urbano
501 1563 565 1605 aequ
643 1562 672 1593 oc
683 1551 760 1594 orbus

275 1618 371 1664 Misero

276 1685 397 1738 Quoduis
408 1720 464 1731 .......
474 1686 501 1730 ut
511 1719 567 1731 .......

276 1785 332 1798 .......
343 1765 407 1810 opus
485 1751 554 1797 molo

277 1819 342 1872 onio
356 1855 402 1866 ......
415 1833 488 1876 quom
498 1821 589 1878 Syrum
600 1851 647 1867 .....

334 1889 401 1944 quod
473 1900 502 1932 us

278 1991 324 2000 ......
336 1969 460 2001 monim...

278 2057 323 2068 ......
334 2022 380 2068 Pol
390 2020 530 2080 oq(uidem)
541 2021 617 2066 oredo
629 2019 830 2065 nisscennsuium

278 2123 327 2136 .......
335 2104 408 2146 quam
419 2089 461 2146 qui
475 2088 517 2134 diu

279 2191 324 2204 ......
337 2170 424 2202 mereo
436 2170 469 2202 ne
478 2159 530 2201 ium
541 2155 672 2212 quicquan·
683 2155 733 2199 tuis

278 2227 348 2280 Nequ
360 2259 406 2271 ......
418 2237 471 2268 non
481 2257 528 2270 ......
540 2223 667 2268 odomum

276 2325 332 2338 .......
343 2305 458 2337 sororem
468 2291 601 2348 gorginem
613 2285 633 2349 ¹)

275 2359 379 2404 Vicinus
389 2359 466 2416 igitur
476 2361 515 2404 est
529 2393 576 2404 ......

276 2428 413 2483 Ssuquem'
420 2459 467 2473 ......
476 2423 692 2470 hunonouitoum

276 2493 323 2540 Hic
334 2529 380 2540 ......
391 2493 431 2539 his
446 2527 492 2540 ......
504 2491 679 2550 egoanuneito

278 2596 324 2608 ......
335 2573 418 2607 orcum
492 2561 571 2617 probe
730 2559 733 2564 ’

158 2810 163 2820 ·
183 2769 200 2802 l.
213 2765 243 2804 Iis
259 2765 308 2803 Cod-
326 2764 433 2814 gorginom.
451 2761 571 2814 Quspicsbsr
587 2767 651 2800 sutem
670 2760 815 2799 emsndsudum
833 2774 875 2796 eus
894 2760 911 2796 ιν1

145 2822 218 2860 gsusm.
