2184 3104
202 169 253 222 126
389 217 390 222 ,
472 173 680 226 TRINUMUS.

143 335 147 341 .
201 311 264 348 nem
285 310 336 363 ego
357 295 451 348 dedite
466 311 551 363 opere
565 294 619 346 hue
639 295 673 346 td
693 301 718 346 te
735 295 861 347 advenio.
902 309 948 346 cu.

368 370 440 432 Quid
454 369 547 422 venis?

146 451 172 495 30
200 459 253 497 MA.
265 445 349 496 Malis
359 455 386 496 te
397 451 428 496 ut
437 446 528 497 verbis
539 439 633 496 multis
644 445 759 496 multum
772 438 947 512 obitirgitem.

201 533 247 570 cu.
267 518 354 570 Men¹i
393 533 444 571 mu.
470 513 606 588 Numquis
621 525 663 572 est
682 517 728 571 hie
748 519 820 570 ilius
839 525 949 586 praeter

366 610 409 645 me
421 593 503 663 itque
514 593 557 645 tei

201 682 248 720 cu.
267 667 354 720 Nemd
376 675 426 719 est.
464 683 517 721 mu.
539 668 613 730 Quid
637 669 723 736 igitur
742 668 862 736 rdgites,
886 675 949 719 tene

337 754 343 768 ⁸
368 735 542 810 obit'ugitem,

200 817 257 869 nisi
266 811 324 869 tite
335 815 401 868 mihi
413 833 455 868 me
467 817 561 870 censes
572 811 708 868 diemmim
719 816 808 869 melei

201 893 272 944 Nam
284 894 309 942 si
319 892 346 944 in
356 899 383 944 te
395 899 540 960 aegrotent
556 892 629 943 irtes
640 889 770 960 antiquae
781 898 854 956 tuae,

147 975 172 1018 35
202 968 259 1018 sive
270 967 414 1020 immutare
428 966 469 1018 vis
480 967 618 1034 ingenium
633 965 765 1030 mdribus,

203 1049 251 1093 eut
262 1043 286 1092 si
297 1042 437 1092 demutant
449 1040 540 1092 mdres
554 1035 693 1108 ingenitim
704 1047 790 1104 tuum,

152 1181 154 1186 7
203 1132 290 1184 neque
302 1114 349 1167 eds
361 1117 490 1182 antiquos
501 1115 603 1179 se'rves,
621 1119 665 1166 ast
676 1113 771 1180 ceptis
781 1130 883 1166 novos:

204 1191 331 1242 omnibus
343 1190 439 1240 amicis
451 1190 574 1241 mdrbum
585 1197 616 1240 tu
627 1188 744 1241 incutie's
754 1205 874 1256 gravem,

203 1272 234 1316 ut
247 1262 273 1315 te'
284 1264 377 1316 videre
389 1264 538 1332 audireque
548 1263 656 1332 aegroti
665 1265 744 1314 sient.

149 1345 174 1391 iu
204 1354 250 1392 cu.
272 1339 327 1400 Qui
336 1340 365 1389 iu
376 1337 492 1390 mentem
503 1339 578 1390 venit
587 1337 646 1403 tibi,
661 1339 749 1390 istaec
759 1338 834 1389 dicta
845 1338 952 1390 dicerei

203 1428 255 1466 Mu.
268 1410 683 1480 Quieomnesbouosbonisque
691 1412 952 1480 accuraretddeeet,

203 1488 388 1557 suspicionem
400 1495 428 1540 et
438 1482 546 1557 eulpam
557 1495 589 1540 ut
600 1488 634 1539 ab
646 1504 675 1539 ee
686 1488 837 1556 segregent.

204 1577 251 1616 cA.
262 1563 326 1615 Non
336 1563 428 1632 pdteet
436 1569 583 1632 utrumque
593 1561 665 1614 fieri.
688 1577 740 1614 ΜΕ.
759 1561 952 1631 Quapropteri

369 1652 415 1690 cu.
435 1636 544 1706 Rogati

203 1713 244 1764 Ne
261 1713 402 1764 admittam
415 1713 536 1780 eulpam,
553 1728 604 1780 ego
620 1710 681 1764 meo
697 1727 755 1764 sum
777 1727 889 1780 promus
903 1711 952 1779 pi·

369 1788 453 1852 ctori3

148 1869 174 1914 45
202 1860 323 1929 suspicio
336 1862 416 1913 estin
427 1860 539 1930 pectore
550 1859 640 1913 aliend
652 1862 714 1912 sita.

202 1937 227 1988 N
230 1953 273 1988 am
284 1929 356 1988 nime
366 1952 417 2004 ego
429 1937 454 1987 si
466 1943 493 1988 te
504 1930 674 2004 subripuisse
685 1929 809 2004 suspicer

202 2010 263 2064 lovi
273 2027 403 2062 coronam
416 2009 449 2062 de
464 2011 555 2079 capite
566 2028 580 2062 e
592 2010 741 2078 Gapitdiio,

202 2085 277 2154 quod
287 2087 316 2136 iu
328 2079 445 2136 cuimine
456 2085 549 2138 adstat
559 2079 678 2148 mimm03
698 2087 723 2136 si
732 2084 761 2134 id
772 2099 828 2135 nou
839 2082 948 2150 feceris,

202 2167 284 2228 atque
294 2159 322 2210 id
332 2166 424 2212 tamen
434 2157 503 2212 mihi
512 2155 607 2214 lubeat
619 2159 797 2228 suspieirier:
892 2203 894 2208 .

148 2245 173 2286 55
203 2236 251 2304 qui
260 2241 291 2286 tu
300 2235 329 2286 id
340 2233 486 2302 prohibere
497 2235 539 2288 me
550 2242 639 2303 potes,
650 2252 684 2286 ne
695 2229 834 2300 stispieeri

202 2309 255 2362 Sed
266 2304 443 2377 istuienegoti
453 2310 522 2362 seire
535 2311 625 2377 cupio,
638 2309 772 2378 quidquid
782 2314 832 2358 est.

200 2399 252 2437 ΜΕ.
263 2383 370 2436 Heben*
379 2392 410 2436 tu
420 2385 536 2437 amicum
548 2391 596 2436 aut
605 2383 770 2435 iimiliurem
781 2381 948 2449 quempiam,

201 2458 483 2527 quoipe'ctussapieti
503 2472 549 2511 cA.
558 2443 666 2526 iidepol
676 2455 947 2522 (heuddieimdolo)

200 2539 273 2596 sunt,
285 2533 354 2599 queis
365 2535 423 2584 seio
435 2550 494 2584 esse
506 2532 623 2594 amieos3
638 2539 709 2597 sunt,
723 2546 792 2600 quos
804 2525 948 2598 auspicum

143 2615 168 2660 55
199 2614 275 2670 suut,
301 2606 416 2674 quirum
435 2603 547 2673 ingenie
567 2607 649 2672 atque
669 2599 776 2654 inimus
796 2616 852 2653 non
874 2616 948 2669 queo

365 2679 487 2742 nituere,
