2182 3112
210 161 245 214 26
503 165 663 212 RL'DENS.

211 289 247 339 Ut
257 289 315 339 siue
329 289 425 338 labore
436 286 506 338 hanc
516 289 637 340 extraxi!
658 289 835 350 Praeiiseiue‚

156 369 169 414 5
210 365 279 413 satis
289 363 406 428 nequam
418 378 492 412 sum:
511 362 607 431 utpdte
618 365 666 432 qui
676 363 759 415 hodie
768 362 918 429 inceperim

211 436 312 488 amare.
352 437 422 486 Hem
436 437 489 486 tibi
508 453 620 502 aquam,
642 438 704 489 me'a
718 447 748 488 tu
763 437 845 488 bella.
885 436 959 488 Hem

375 510 415 560 sic
429 511 495 561 volo

210 592 237 636 te
247 584 319 636 ie'rre
329 583 452 648 honeste,
467 592 499 636 ut
508 583 559 653 ego
570 585 644 638 iero:
664 594 696 637 ιιι
710 584 821 654 piaccia
831 583 907 636 mihi.
918 608 959 624 -·-

211 660 264 711 Sed
280 655 328 710 ubi
342 665 373 709 ιιι
387 675 429 722 ee,
448 659 582 712 delicata?
604 661 679 729 Cape
693 677 792 728 aquam
808 659 891 723 hauc,
907 658 958 709 sia.

374 733 428 784 Ubi
438 735 531 784 esi-

209 808 290 858 Amat
301 807 391 859 he'rcie
401 823 453 872 me,
468 817 500 860 ut
509 825 560 877 ego
573 809 684 876 opinor:
705 808 815 860 delituit
824 807 908 858 mala.
917 833 959 845 -

156 889 182 933 ιι
210 883 264 933 Ubi
279 890 309 933 tu
329 881 374 934 esi
399 884 517 935 etiamne
535 882 607 934 hanc
624 878 721 934 dmum
744 889 890 949 acceptura
910 879 958 932 esi

375 959 428 1009 Ubi
444 958 537 1008 esi—-

211 1031 390 1082 commodule
405 1031 511 1082 melius.
520 1059 559 1069 -
596 1031 718 1082 Tindem
732 1045 799 1082 vero
814 1029 900 1082 sirio!

209 1105 301 1156 Etiam
318 1105 464 1170 acceptura
480 1123 508 1156 es
519 1101 615 1157 druam
627 1104 715 1156 hauci
735 1105 789 1156 Ubi
803 1111 834 1156 ιιι
848 1121 877 1155 es
891 1103 958 1171 geu·

375 1179 460 1228 tiumi

210 1253 351 1321 Nusquam
372 1250 463 1304 hercle
483 1254 610 1322 equidem
630 1255 706 1305 illam
730 1253 821 1305 video.
859 1251 957 1304 Ludos

375 1326 418 1378 me
432 1326 509 1379 facit.

208 1399 350 1470 Adpdnam
359 1400 449 1453 hercle
458 1419 554 1453 urnam
564 1403 619 1454 iim
625 1419 676 1470 ego
684 1401 754 1454 hauc
762 1403 791 1453 in
801 1401 892 1453 medii
899 1403 956 1452 viu.

156 1483 180 1528 ιι
210 1475 263 1528 Sed
275 1469 379 1540 autem,
395 1477 461 1545 quid
472 1479 497 1528 si
508 1476 578 1529 hanc
588 1476 652 1528 hinc
662 1477 807 1528 abstulerit
818 1475 956 1543 quispiam

210 1565 316 1601 sacram
327 1546 423 1602 urnam
437 1551 567 1604 Veneriei
587 1551 628 1602 Mi
638 1549 767 1603 exhibeat
776 1550 926 1618 negdtium.

209 1625 304 1677 Metuo
316 1624 415 1690 hercle,
427 1643 461 1678 ue
471 1627 521 1678 illa
532 1621 631 1680 mdlier
640 1626 679 1676 mi
688 1625 806 1676 insidiis
816 1625 897 1686 locet,

209 1707 240 1750 ιιι
251 1699 466 1768 οόιιιριθιιειιάιιι
481 1695 541 1754 edm
553 1717 632 1752 sacra
642 1715 713 1751 urna
723 1699 851 1752 Ve'neria.

209 1773 312 1843 Nempe
323 1774 435 1842 dptumc
447 1792 490 1828 me
499 1769 560 1828 i1‘1re
570 1776 599 1826 in
608 1775 708 1826 vinclis
718 1775 808 1826 e'uicet

154 1855 180 1901 ιι
209 1851 396 1916 magistratus,
413 1853 437 1902 si
448 1851 509 1918 quis
519 1867 563 1902 me
574 1849 644 1901 hinc
657 1847 758 1900 habere
768 1848 879 1900 viderit:

208 1939 271 1974 nam
283 1923 352 1976 haee
362 1925 484 1976 litterata
494 1932 546 1976 est:
568 1924 602 1976 ab
614 1939 642 1974 se
659 1929 763 1986 cantat,
776 1921 860 1991 qudiu
871 1923 917 1973 eit.

209 1997 266 2048 lam
277 1997 368 2050 hercle
383 1997 506 2050 evocabo
517 1997 582 2049 hinc
597 1995 850 2049 hinc-sacerdotem
864 1996 954 2048 iuram

208 2079 240 2122 ut
250 2070 320 2123 hinc
331 2073 451 2138 accipiat
460 2067 567 2124 dmum.
596 2071 730 2122 Accedam
742 2069 795 2122 huc
806 2071 935 2122 adfores.

209 2146 294 2210 Heus,
310 2146 357 2209 eis,
368 2145 592 2210 Ptolemocratia,
605 2162 672 2214 cape
682 2145 754 2198 hanc
763 2145 860 2197 urndm
871 2143 935 2198 tibi!

154 2226 180 2272 ιι
209 2220 375 2272 Muliercula
385 2219 456 2272 hanc
465 2219 558 2274 nescio
570 2236 640 2288 quae
655 2219 709 2272 huc
719 2221 755 2272 ad
766 2237 807 2271 me
819 2219 927 2271 detulit.

209 2294 283 2346 lutri
295 2293 412 2346 ieruuda
423 2301 472 2346 est.
511 2295 611 2363 Riperi
621 2293 770 2362 uegetum,

209 2368 343 2435 siquidem
351 2367 392 2420 his
402 2367 468 2421 mihi
478 2371 551 2424 ultro
560 2370 719 2437 idgerunda
729 2371 811 2420 etiam
821 2367 864 2420 est
873 2382 955 2434 aqua.

477 2563 672 2572 ——.—..-....

478 2573 672 2582 ...ω-...-
