2158 3110
242 251 292 306 198
508 255 721 302 POENULUS.

243 379 268 430 si
277 377 367 430 minus
378 379 524 444 eurassini,
536 371 596 430 cu'uu
607 376 667 430 heri
676 376 788 429 veniimt
798 377 917 428 donnum.

242 452 370 505 Nutrices
379 468 481 521 pueros
492 452 605 505 infantis
614 446 766 504 minutulos

244 528 320 578 domi
332 521 364 579 rit
373 535 535 596 procurent,
549 521 603 579 neri
614 543 684 594 quae
695 533 848 594 spectatum
859 525 993 576 afferant:

188 609 215 652 3⁰
242 618 276 653 nc
287 608 315 652 et
323 601 400 669 ipsae
411 604 516 668 sitiant,
527 599 556 654 sit
564 604 644 670 pueri
654 599 767 670 percant
776 601 858 665 famo,

242 676 309 728 nev'e
319 675 469 729 carmentes
480 676 533 742 hic,
544 677 625 746 quasi
634 675 726 740 hoedi,
739 675 896 743 obvigiant.

242 749 388 803 Matronae
397 753 500 804 tacitae
510 751 642 820 spectent,
652 752 755 803 tacitae
763 750 884 812 rideant;

243 823 345 876 canora
355 824 401 877 hic
410 843 478 878 voce
488 824 539 878 sui
549 826 650 877 tinnire
659 823 823 894 temperent;

243 893 354 951 domum
365 915 504 952 sermones
514 899 659 951 fabulandi
668 898 819 964 conferant,

188 983 214 1025 35
242 991 276 1026 ne
286 980 314 1026 et
322 972 367 1025 hic
376 976 443 1026 viris
453 976 509 1026 sint
518 973 546 1025 tt
556 975 632 1026 domi
641 972 796 1026 molistiae.

244 1049 380 1116 Quodque
391 1048 426 1100 id
436 1049 564 1100 ludorum
576 1043 718 1100 miratores
729 1047 835 1112 attinet,

242 1139 276 1174 ne
286 1122 379 1191 palma
389 1124 469 1175 detur
478 1123 628 1192 quoiquam
639 1123 740 1174 artifici
749 1117 861 1187 iniuria,

242 1213 310 1250 neve
321 1196 480 1249 ambitionis
491 1192 576 1250 carisa
587 1191 768 1249 extrudantur
777 1197 863 1262 iuras,

244 1289 299 1340 quo
311 1271 461 1324 de'teriores
472 1266 674 1340 anteponantur
682 1271 774 1324 bonis.

188 1352 215 1398 io
242 1346 279 1398 Et
288 1345 341 1397 hoc
350 1363 459 1415 quoque
469 1349 562 1412 etiam,
574 1347 648 1414 quod
658 1362 726 1413 pene
738 1339 841 1398 obiitus
850 1345 904 1396 fui:

244 1422 309 1473 dum
319 1414 379 1473 lr'rdi
389 1422 466 1486 iiunt,
476 1421 505 1473 in
515 1423 656 1491 popinam,
667 1420 820 1488 pedisequi,

243 1490 424 1564 irruptionem
435 1495 531 1549 facite!
551 1513 632 1558 nunc,
644 1497 707 1547 dum
720 1496 831 1547 occasio
842 1501 892 1561 est,

221 1579 223 1584 ’
242 1565 398 1636 nunc,d1'1m
410 1572 551 1624 scriblitae
562 1570 697 1634 aestuant,
709 1564 854 1622 occurrite.
1035 1629 1054 1642 ι,

243 1645 330 1710 Haec,
341 1647 475 1713 imperata
486 1645 556 1716 quae
566 1653 630 1698 sunt
639 1661 689 1713 pro
700 1645 817 1712 imperio
828 1641 953 1710 histrico,

189 1726 215 1772 is
243 1721 345 1772 bonum
356 1719 447 1774 hercle
455 1720 624 1790 sectamura
635 1719 991 1789 aequisqueutme'minerit.

281 1796 321 1846 Ad
333 1794 521 1863 irgumentum
531 1789 604 1847 minc
613 1795 764 1847 vicissatim
776 1794 839 1847 volo

244 1870 401 1938 remigrare,
412 1885 498 1938 aeque
507 1878 539 1922 ut
548 1868 653 1922 micum
664 1871 726 1921 sitis
736 1868 876 1937 gnarures.

243 1944 312 1995 Eius
321 1938 394 1996 minc
402 1947 538 2012 regiones,
550 1945 660 2008 limites,
673 1944 795 1996 confinia

244 2017 446 2071 (iete'rmiuabor
467 2021 493 2072 ei
502 2021 543 2072 rei
554 2017 605 2088 e'go
617 2021 711 2072 iinitor
721 2017 810 2070 fictus
821 2035 890 2070 sum.

190 2103 216 2146 5⁰
245 2093 308 2159 Sed,
319 2093 372 2146 nisi
381 2095 527 2147 molestum
538 2102 587 2158 est,
599 2093 696 2146 nomen
708 2094 774 2144 dare
784 2093 864 2144 vobis
874 2093 940 2145 volo

245 2169 414 2233 comotdiai3
434 2171 475 2222 siu
487 2172 553 2222 odio
564 2177 614 2235 est,
625 2168 715 2221 dicim
727 2175 827 2233 tamen,

244 2244 379 2311 siquidem
389 2245 485 2298 licebit
495 2244 544 2314 pe'r
553 2261 611 2308 eos,
622 2245 722 2314 quibus
733 2249 775 2296 est
784 2243 812 2295 in
823 2259 914 2294 mauu.

245 2316 450 2372 Carchedonius
459 2319 575 2372 vocatur
585 2318 654 2370 haec
664 2317 822 2380 comoedia3

244 2392 343 2445 Latine
353 2393 482 2445 Plautus:
502 2393 621 2445 Patruus
631 2391 883 2462 pultiphagouides.

190 2476 215 2522 55
243 2465 416 2519 Nominiam
426 2467 547 2530 habetis3
567 2461 640 2519 nuuc
649 2469 772 2520 rationes
784 2467 889 2519 ceteras

244 2541 372 2610 accipite:
392 2559 456 2595 nam
467 2540 655 2611 argumentum
665 2541 719 2594 hoc
729 2542 774 2594 hic
785 2543 947 2595 censebitur.

242 2617 337 2669 Locus
347 2616 507 2684 iugumento
518 2625 561 2670 est
570 2611 648 2669 suum
659 2619 713 2670 sibi
722 2614 909 2686 proscenium

242 2708 293 2743 vos
303 2685 441 2745 iuratores
452 2693 531 2745 istim
551 2708 664 2760 quaeso,
677 2691 787 2761 operam
799 2691 872 2744 date.

244 2765 473 2841 Curthiginenses
482 2767 581 2820 iratres
591 2767 730 2842 patrueles
741 2769 795 2820 duo
