2162 3094
146 213 195 270 262
475 217 504 265 Α.
528 217 614 265 nan

146 343 226 390 codex
238 341 418 388 Ambroainnna
431 341 564 389 adhibebit.
599 343 711 400 Namque
726 343 747 389 ia
760 343 840 402 primo
850 343 884 390 ita
893 357 936 390 απ,

146 411 230 468 tiquna
244 413 296 470 eat,
310 411 340 456 ut
353 409 385 456 ad
399 422 504 456 aureum
518 423 600 468 paene
615 410 743 457 taeenlum
757 412 886 470 pertinere
900 413 937 458 vi·

146 479 244 538 deatur,
257 476 324 534 quod
335 479 440 536 apparet
449 491 483 524 ex
492 491 588 536 genere
598 480 624 524 et
632 479 775 538 granditate
787 479 936 536 accipturae:

146 547 192 594 vix
206 560 263 593 eum
278 548 347 592 certa
360 545 428 592 inira
442 546 631 592 Antoninorum
644 549 750 594 aetatem
765 546 937 605 depellendum

145 614 295 661 cenauerim.
331 614 452 660 continet
474 616 558 660 autem
578 614 828 660 comoediarum·
850 613 936 670 editae,

145 683 260 741 exceptio
269 680 466 739 Amphitruone,
480 681 607 741 buinaria,
618 681 761 742 Aulularia,
771 685 796 728 ct
806 682 937 728 curculio-

144 762 188 796 ne:
208 749 291 796 codex
300 748 368 794 enim
383 751 408 794 ct
421 762 497 807 aaepe
509 753 535 796 et
548 750 697 808 praeuertim
710 752 741 796 ab
751 749 826 811 initip
836 749 936 795 mutilua

145 821 190 863 eat.
210 819 272 864 ‘lam
282 815 425 875 apecioanm
434 817 592 875 amplumque
598 818 682 866 Plauti
690 817 802 874 codicem
813 817 870 862 dnm
879 831 936 876 ego,

143 898 192 942 qua
201 897 246 943 par
258 886 305 942 eat,
315 883 448 944 diligentia
457 886 593 945 aerutarer,
603 899 688 934 novae
698 885 781 932 aobito
791 883 936 932 comoediae

142 953 242 1000 titulum
253 953 411 1012 atnpentibua
422 952 502 1000 oculis
511 953 591 1000 bauai.

252 1039 331 1084 Plauti
340 1039 463 1084 vidularia
472 1041 496 1082 in
507 1039 658 1096 palinpaeato
668 1041 824 1084 Ambrosiam).

193 1118 301 1179 Earum,
312 1131 373 1176 quaa
386 1119 470 1164 Varro
484 1118 552 1164 inter
566 1118 681 1166 indubiae
697 1118 839 1178 recenauit,
855 1117 936 1164 Plauti

144 1186 331 1232 comoediarum
346 1189 461 1234 extrema
469 1188 628 1232 Vrnunnnm
645 1186 817 1246 existimatur,
833 1197 936 1244 eamque

143 1253 223 1298 solam
239 1267 270 1298 ex
287 1267 318 1299 eo
338 1267 443 1300 numero
457 1253 589 1300 Plautinae
609 1253 733 1300 editiones
753 1253 936 1302 deaiderabant.

142 1321 176 1365 Et
193 1320 280 1366 titulun
296 1320 395 1376 quidem
414 1322 468 1367 eina
487 1321 515 1366 in
530 1321 653 1368 Palatini·
667 1333 767 1380 quoque
784 1321 936 1370 membranis

143 1387 204 1433 olim
216 1387 345 1447 apparuit,
363 1387 408 1434 aed
422 1388 477 1446 ipsa
491 1389 577 1436 tabula
593 1390 692 1448 aberat,
710 1389 817 1436 teatibna
832 1389 937 1435 eruditis

142 1455 285 1501 hominibus
298 1455 364 1512 apud
372 1455 517 1502 Fabricium
530 1454 563 1515 ¹).
590 1457 667 1513 Atqui
680 1457 767 1504 eadem
775 1458 934 1502 Vrnunnnm

143 1524 169 1568 in
178 1523 347 1569 Ambroaiano
354 1523 518 1581 palimpaeato
527 1523 589 1570 mibi
598 1537 626 1570 ee
634 1525 794 1582 spectandam
806 1525 935 1570 offerebat.

142 1591 189 1638 llic
208 1591 338 1636 enimvero
359 1605 434 1647 quum
453 1590 607 1638 excultorem
625 1591 736 1651 laetitia,
757 1592 937 1650 triumpharem

143 1659 244 1717 gaudio,
252 1658 348 1704 nullum
358 1658 420 1704 mili
429 1657 495 1704 diem
504 1659 676 1706 candidiorem
685 1659 801 1706 illuxisse
812 1659 920 1704 dicerem
928 1674 936 1716 ς

142 1729 247 1784 repente
258 1727 371 1772 frontem
381 1725 513 1786 contraxi,
528 1727 635 1786 primum
645 1727 745 1783 quidem
755 1727 821 1784 quod
831 1726 937 1771 nonnisi

143 1794 192 1838 dno
209 1794 262 1838 eina
277 1793 376 1840 tabulae
390 1794 453 1840 tolia
471 1807 605 1853 auperceae
615 1795 739 1852 cognovi5
762 1795 851 1840 iterum
867 1794 937 1850 quod

142 1860 204 1906 haec
215 1861 269 1918 ipra
279 1875 354 1918 quom
370 1875 460 1909 verane
474 1875 556 1920 paene
570 1861 700 1920 octoginta
711 1863 884 1919 continerent,
901 1861 938 1906 ita

142 1939 203 1985 prae
214 1929 329 1974 aturribus
339 1931 412 1976 erant
420 1930 513 1989 lacera,
524 1931 550 1977 et
559 1943 574 1976 a
584 1925 727 1987 auperieetd
736 1926 861 1988 scripturi
871 1943 938 1974 con-

143 1999 240 2052 aumpta
250 1999 323 2052 atque
334 1998 469 2056 terebrata,
483 1999 513 2043 ut
522 1997 661 2044 Danaidum
671 1997 789 2054 cribrum,
799 2009 851 2042 non
862 1997 939 2042 cadi--

143 2063 179 2109 cia
188 2063 291 2121 folium,
307 2063 368 2109 mibi
378 2067 494 2122 spectare
505 2065 613 2112 viderer.
648 2066 735 2122 ltaque
745 2065 792 2111 etri
801 2065 833 2110 ad
842 2077 939 2111 conae-

143 2131 248 2177 ctandoa
257 2131 411 2192 litterarum,
427 2133 470 2190 qai
480 2135 608 2192 extabant,
620 2136 749 2180 extremo·
762 2133 846 2190 apice·
857 2133 940 2178 vehe-

142 2201 241 2246 menter
250 2199 364 2259 incnbui,
380 2213 500 2258 opemque
514 2213 595 2258 prope
605 2200 785 2247 conclamatam
801 2199 940 2257 patientie-

142 2267 206 2313 aimc
221 2269 368 2324 peraecntoa
386 2281 454 2327 aum;
474 2269 580 2326 exigna·
596 2270 679 2314 tamen
693 2269 870 2313 vanlama
891 2279 942 2312 co-

142 2335 225 2392 piolaa
234 2335 296 2381 mibi
305 2337 464 2397 expugnavi,
480 2336 623 2383 versiculos
639 2335 759 2382 videlicet
771 2335 871 2393 aliquot
881 2349 943 2382 cnm

142 2403 219 2448 trium
228 2415 395 2460 perdonatum
403 2405 548 2451 nominibus
565 2407 591 2450 et
604 2404 679 2450 initio
697 2417 798 2452 ucenae.
830 2405 944 2451 Cetero-

142 2482 199 2514 rum
212 2471 279 2515 enim
293 2469 476 2518 dieiunetarum
490 2469 628 2520 verborum
647 2471 692 2518 vix
710 2472 742 2517 ad
758 2465 868 2530 aliquem
882 2473 944 2518 tru-

142 2543 208 2582 etnm
218 2537 342 2583 redundat
357 2538 467 2596 adeptio.

169 2703 193 2749 .¹·
210 2698 306 2734 Bibliatb.
325 2701 359 2740 lat.
377 2701 426 2738 adit.
446 2713 493 2742 nov.
511 2703 536 2743 Τ.
552 2703 568 2742 1.
587 2714 607 2750 p.
625 2707 654 2744 18.
670 2702 722 2741 Vide
738 2704 797 2742 etiam
811 2702 897 2740 l’areurn
915 2713 945 2738 an

154 2743 313 2784 'lovum
326 2747 449 2798 Fragmenta.
