2140 3126
256 220 386 268 serus
404 221 436 268 ll.
473 220 598 268 scum
614 223 657 268 Vl.
797 219 831 274 11

76 338 193 414 longum
204 337 399 412 diutinumque
409 360 427 395 s
436 360 516 396 mane
527 343 563 396 ad
572 342 729 414 vesperum:

75 420 152 487 qnod
163 418 243 472 mbas
253 418 418 486 confregisti
427 419 554 471 imbrices
563 426 592 472 et
600 417 718 488 tegulas,

77 495 117 548 ibi
127 489 195 546 sirim
208 493 377 561 condignam
387 493 415 546 te
425 500 547 546 sectatus
556 495 678 558 simiam
861 501 888 548 Ἀ

75 570 211 640 quodque
226 569 292 620 inde
302 569 494 636 inspectavisti
502 585 592 622 meum
604 569 677 638 apud
688 585 731 622 me
741 568 832 638 hospi·

77 719 238 786 amplexum
246 651 369 770 {linimur
381 733 464 786 quom
476 711 654 772 osculabatur
663 734 754 778 suam:

77 795 211 864 quodque
222 792 406 844 concubinam
418 791 529 846 herilem
540 794 702 848 insimulare
711 789 795 846 ausus
805 811 834 846 es

77 869 182 938 probri,
194 867 338 936 pudicam,
349 865 447 936 meque
457 869 557 923 summi
566 866 668 936 iligiti3

76 953 144 1010 tum,
157 942 236 1010 quod
245 943 403 996 tractavisti
415 941 552 1011 hospitam
563 951 627 997 ante
638 942 714 996 aedis
725 959 813 1004 meam
862 951 890 996 to

77 1021 132 1070 nisi
141 1017 214 1070 mihi
223 1017 394 1086 supplicium
404 1017 559 1072 stimuleum
570 1019 604 1070 de
614 1016 642 1070 te
653 1018 747 1070 daturs

78 1092 226 1146 dedecoris
237 1089 391 1159 pleniorem
401 1090 494 1142 herum
506 1091 607 1144 iaciim
617 1099 704 1157 nsum,

79 1184 162 1236 qnam
173 1166 279 1234 migno
290 1173 372 1218 vento
384 1165 492 1234 ple'num
505 1175 547 1220 est
555 1161 690 1221 undatim
701 1183 785 1220 mure.

79 1257 120 1295 so.
139 1237 258 1294 itanum
272 1247 394 1305 coactus,
406 1239 649 1309 Periplectomene,
660 1249 692 1292 ut
700 1241 831 1308 muciam,

79 1311 172 1369 utrum
183 1332 229 1368 me
239 1313 383 1382 postulisre
393 1321 483 1367 tecum
494 1315 611 1384 aequom
621 1321 655 1368 ’st
663 1317 748 1384 prius,
862 1324 888 1368 ³5

81 1409 116 1443 an
126 1408 171 1443 me
182 1390 340 1458 expurgare
350 1387 404 1442 hoc
412 1389 466 1442 tibl
474 1391 584 1444 videtur
594 1390 719 1460 ae'quins,

79 1469 136 1518 nisi
146 1466 236 1518 istaec
245 1480 303 1516 non
314 1471 357 1516 est
366 1462 444 1530 haec,
455 1481 543 1533 neque
552 1467 608 1518 ista
618 1473 660 1518 est
669 1466 725 1519 mei
734 1465 802 1520 heri.

81 1536 160 1594 Siculi
171 1541 258 1592 etiam
269 1555 342 1590 nunc
351 1538 456 1604 nc'scio,
468 1541 534 1608 quid
544 1541 672 1595 viderim:

80 1619 121 1668 ita
130 1617 221 1668 istaec
231 1613 315 1666 huius
325 1613 423 1665 similis
434 1621 475 1668 est
484 1615 596 1668 nostrae
606 1623 663 1679 tua,

80 1691 221 1760 siqnidem
236 1705 292 1742 uon
309 1689 404 1740 eadem
415 1697 465 1742 est.
503 1705 548 1742 nn.
569 1689 635 1742 Vise
645 1691 681 1742 ad
691 1707 734 1744 ma
744 1692 832 1746 iutros

249 1763 307 1816 iiam
317 1765 396 1816 scies.
862 1769 889 1818 io

80 1857 121 1895 so.
136 1838 273 1894 Licetnei
300 1853 346 1890 ru
363 1833 579 1902 Quinteiribem
599 1839 707 1907 placide
717 1839 833 1892 nescita.

81 1933 121 1970 sc.
141 1917 187 1968 lta
197 1915 291 1966 licere
303 1919 405 1965 certum
417 1920 467 1966 est.
495 1928 541 1966 rs.
561 1908 647 1980 lieris,
658 1913 833 1968 Philocoma-

251 1983 333 2054 sium,
345 1989 400 2040 cito

81 2060 242 2120 transcurre
255 2063 393 2116 curriculo
405 2061 441 2116 td
450 2079 515 2116 nos:
534 2064 576 2116 ita
585 2063 724 2132 negotium
735 2071 789 2118 ests

84 2150 151 2212 post,
164 2139 281 2210 quando
293 2139 392 2190 exierit
401 2137 546 2192 Sceledrus
557 2154 575 2189 a
583 2139 672 2202 uobis,
685 2141 740 2191 cito

84 2210 269 2270 transcurrito
282 2213 378 2266 advos
388 2207 496 2265 nurum
508 2213 644 2266 cnrrlmrlo
656 2214 776 2266 domum.
861 2219 887 2267 is

84 2293 159 2344 Nunc
170 2291 222 2358 pol
232 2304 285 2356 ego
298 2294 399 2352 metuo,
410 2287 444 2340 ne'
455 2287 522 2357 quid
533 2287 724 2352 iuiusciverit3

84 2369 106 2418 si
115 2367 160 2419 hic
170 2365 228 2418 non
239 2363 348 2416 videbit
356 2357 508 2427 mulierem,
520 2357 643 2431 aperitin
654 2363 743 2416 dolus.

85 2457 120 2494 su
139 2439 218 2494 Proh
231 2439 263 2491 di
273 2438 452 2503 immortales,
463 2437 625 2490 similiorem
636 2431 776 2492 mulierem

86 2519 226 2586 magisque
247 2511 375 2578 eindem,
395 2519 492 2583 utpote
513 2528 584 2582 quae
602 2512 658 2564 min
678 2514 716 2564 sit
729 2513 834 2578 eadem,

250 2587 308 2640 min
317 2604 381 2641 reor

88 2668 147 2719 deos
157 2665 255 2718 iacere
266 2679 358 2730 posse.
386 2677 431 2715 sn.
453 2661 624 2726 Qnidnuncl
648 2677 691 2714 so.
712 2663 834 2713 comme-

250 2736 297 2790 rui
306 2737 418 2789 malum.
863 2741 890 2782 5⁰
