2162 3094
160 169 211 219 260
492 165 522 213 Δ.
539 166 632 212 ΜΛΙΙ.

161 294 280 340 laminam
290 291 466 351 argenteolam
476 305 531 338 eum
541 291 674 337 Frontone
690 286 715 354 1)
734 304 816 350 nuper
826 290 957 338 doctorum
1042 313 1043 326 π

160 362 274 408 virorum
288 359 370 407 oculis
388 359 477 407 obtuli.
511 359 562 406 Res
579 361 664 406 tamen
682 359 745 405 milri
761 359 840 418 longe
857 359 956 406 felicius

159 429 246 475 evenit
262 429 289 474 in
307 430 415 485 utroque
435 440 558 474 romanae
576 425 723 474 comoediae
744 440 840 472 summo
861 427 954 474 artifice

159 497 249 542 Plauto
260 498 285 542 et
299 494 438 555 'l'ercntio‚
453 507 560 553 quornm
572 495 678 541 alterius
692 507 746 540 non
761 507 855 552 paucos
866 507 955 540 versus
1042 535 1043 542 ,

159 563 305 622 deperditos
319 563 347 608 in
360 563 534 620 antiquissimo
554 563 716 621 palimpsesto
732 562 831 620 detexi,
850 561 955 608 alterius
1042 559 1043 566 ’

158 635 242 679 autem
258 631 373 679 codicem
390 631 450 677 item
466 631 651 677 nobilissimum
665 629 761 676 offendi
776 644 831 676 cum
849 630 955 688 picturis

158 700 250 759 partim
268 699 385 758 ineditis,
401 713 506 756 cumque
520 697 618 756 aliquot
631 697 744 744 scholiis.
779 697 838 756 Vita
847 697 955 754 deniquo

158 769 214 826 ipsa
224 767 285 813 milri
295 767 407 813 occurrit
417 767 534 814 Terentii
544 779 577 813 cx
591 765 766 824 antiquissimo
781 765 847 812 libro
859 764 955 812 descri-

158 837 210 896 pta,
220 847 284 892 quae
293 833 376 881 lucem
385 834 500 882 nondum
511 835 643 892 annexione
658 833 764 882 videtur.

478 913 558 957 Plauti
577 913 635 956 laus.

209 977 241 1022 ll.
259 976 335 1023 Nune
348 978 375 1021 ut
389 975 419 1021 dc
438 975 525 1034 priore
540 974 643 1021 comico
662 975 774 1022 breviter
787 975 881 1034 dicam,
901 977 958 1032 quis

160 1047 244 1102 potest
263 1058 296 1090 ex
316 1043 385 1089 omni
403 1042 539 1090 latinarum
557 1043 699 1090 litterarum
716 1043 838 1089 memoria
856 1057 956 1089 sumere

159 1111 254 1170 aliquid
275 1111 400 1158 illustrius
415 1125 489 1169 quam
502 1110 633 1157 Plautuml
651 1109 694 1168 qui
708 1110 812 1169 ingenio
827 1111 955 1156 uberrimo

160 1182 274 1236 affluens,
286 1179 420 1226 sententiis
430 1181 544 1239 argutus,
557 1178 640 1225 verbis
649 1181 753 1236 floreius,
768 1190 889 1224 romanae
899 1191 956 1224 ace-

160 1261 208 1293 nae
218 1245 386 1304 principatum
398 1246 539 1292 diutissime
549 1246 638 1292 tenuit.
663 1247 746 1292 Tanta
755 1245 870 1302 equidem
879 1244 956 1291 Plan·
1042 1275 1043 1284 i

160 1315 209 1360 tini
224 1314 277 1360 oris
291 1314 404 1360 suavitas
419 1314 475 1359 visa
490 1317 541 1372 est,
559 1317 587 1359 ut
597 1314 650 1360 eius
661 1313 789 1370 eloquium
807 1327 860 1358 non
875 1312 958 1358 solum

160 1383 236 1441 plana
246 1381 350 1428 atticum
359 1381 496 1428 iudicatum
506 1381 548 1441 sit,
555 1381 600 1428 scd
610 1381 697 1427 divino
707 1393 835 1426 musarum
845 1382 958 1427 sermoni

161 1453 334 1508 comparatum
346 1447 381 1510 ²).
407 1449 477 1496 Idem
489 1451 624 1508 practerea
632 1449 740 1496 imbutus
750 1451 842 1494 natura
851 1449 958 1506 quadam

160 1521 218 1576 apta
229 1519 261 1564 ad
271 1532 351 1577 genus
361 1517 476 1577 iocandi,
490 1517 578 1565 habuit
591 1529 697 1576 prorsus
708 1515 793 1562 omnia
802 1529 866 1572 quae
876 1517 958 1574 perti-

161 1590 223 1632 nent
237 1587 269 1632 ad
279 1587 401 1633 comicum
410 1585 572 1632 hilaritatem.
606 1584 670 1631 Nam
680 1587 706 1630 et
720 1583 860 1630 dicacitatis
875 1584 957 1630 aculei

160 1655 300 1700 acutissimi
309 1653 337 1699 in
347 1667 378 1702 eo
389 1657 459 1713 sunt,
470 1655 496 1699 et
505 1652 655 1710 lepidissimi
665 1651 731 1698 sales
742 1653 767 1697 et
777 1651 874 1696 infinita
883 1652 959 1697 festi-

163 1723 234 1768 vitas.
262 1723 330 1768 Sane
339 1721 487 1769 reconditos
496 1722 590 1780 fontes,
601 1719 747 1776 abditasque
758 1718 827 1766 velut
836 1718 957 1776 regiones

159 1789 262 1836 ridiculi
271 1789 338 1848 apud
346 1788 462 1836 Plautum
476 1788 585 1834 mireris.
612 1789 650 1833 lta
659 1799 693 1834 cx
702 1785 772 1832 omni
782 1799 875 1844 genere
886 1787 957 1832 lace-

159 1857 251 1902 tiarum
266 1859 335 1904 totus
345 1859 460 1916 constat,
476 1858 598 1912 tantoque
615 1868 693 1912 opere
702 1853 803 1900 lascivit
817 1867 846 1900 ac
857 1854 960 1912 perlluit

160 1924 256 1971 infreni
270 1925 376 1983 quadam
390 1923 494 1970 ludendi
512 1923 624 1970 licentia.
658 1921 855 1977 Animaduerto,
875 1922 960 1978 inquit

159 1992 306 2039 Macrobius
322 1989 360 2053 ³),
377 1993 440 2038 duos
449 2004 512 2051 quos
528 1991 746 2050 eloquentissimos
760 1989 869 2047 anu'qan
879 1996 958 2035 aetas

160 2062 229 2119 tulit,
240 2061 361 2106 concisum
370 2059 492 2105 Plautum
501 2065 528 2104 st
538 2064 671 2104 oratorem
684 2057 802 2114 Tullium,
813 2069 855 2102 eos
867 2057 958 2103 ambos

160 2129 240 2175 etlam
250 2128 287 2172 ad
294 2129 408 2174 iocorum
415 2133 577 2174 venustatem
585 2126 679 2172 cctcrs‘s
686 2123 862 2183 praestitisse.
878 2121 959 2169 Plan·

160 2203 201 2242 tus
211 2197 310 2256 paidom
320 2211 352 2242 ca
362 2210 392 2242 rc
402 2193 562 2255 clamasunt,
573 2199 672 2251 utpost
680 2198 786 2236 mortem
796 2191 849 2236 caica
859 2205 959 2236 consoc-

159 2265 234 2324 diae,
250 2278 318 2324 qaas
330 2266 448 2312 incertae
459 2262 635 2324 ferebantur,
650 2259 790 2305 Plautinae
805 2263 959 2306 lamanasse

159 2333 189 2377 dc
207 2333 322 2380 locorum
342 2333 418 2391 copia
437 2335 614 2377 noscerentur.
651 2328 806 2382 Quamquam
819 2325 886 2371 idem
904 2339 958 2370 non

160 2413 260 2459 semper
270 2399 298 2446 in
308 2401 376 2460 ioco,
386 2413 462 2457 saepe
472 2397 547 2444 etiam
557 2396 584 2443 in
594 2395 720 2455 gravitate
731 2393 855 2439 versatur.
871 2393 958 2446 Quare

278 2577 502 2617 whitmmnndc
471 2591 563 2618 munuc.

242 2589 519 2716 Turltlrffimlnnss.
535 2626 563 2662 X.
579 2625 595 2660 1.
611 2619 959 2662 D.l{iosrnimnma.dl’sm1uscls

260 2682 388 2754 nonnul
