2162 3094
428 229 665 279 rasssssrio.
897 226 947 282 263

263 361 321 409 aum
335 339 358 404 in
369 361 414 421 lma
420 363 521 406 editione
536 362 635 406 coirando
649 362 784 417 praestitum
799 364 835 405 sit.
859 387 861 390 -
912 368 915 372 '

200 438 230 484 V.
240 435 369 497 Reliquam
375 439 457 486 Plauti
465 440 597 487 materiam
606 438 738 499 Sibyllinis
744 437 814 485 toliis
823 437 851 484 in
861 438 948 487 codice

153 506 363 563 perturbationem
378 508 484 567 primum
496 508 596 565 quidem
611 508 745 554 innectam
760 507 851 552 seriem
867 509 949 567 coegi,

154 576 181 619 ut
191 576 309 632 quantum
326 576 443 622 carminis
456 577 615 636 superesset,
633 577 753 633 quantum
768 575 828 620 item
841 574 949 632 deesset,

153 655 343 701 cognoscerem.
370 645 434 691 Mox
444 643 555 692 ineditos
569 657 671 703 versus,
687 643 812 701 quotquot
826 641 888 688 mibi
905 657 950 689 oc-

154 712 297 770 currebant,
312 714 428 758 aceurate
438 715 613 771 excerpebam.
640 712 698 758 Etsi
708 714 792 758 autem
802 711 950 768 praesertim

115 838 117 843 .
154 777 180 822 in
200 777 343 825 Cistellaria
367 782 471 826 uberem
489 781 681 838 incognitorum
700 793 819 826 versuum
838 780 950 837 segetem

155 858 211 891 esse
226 847 307 906 sensi,
325 847 406 893 codex
421 851 505 894 tumen
521 847 720 906 profundissime
736 846 878 906 interlitus,
893 846 950 904 pin-

153 911 329 970 guissimisque
345 915 485 972 scripturae
500 915 605 962 alterius
615 915 731 962 ductibus
746 916 865 971 obrutus,
882 914 950 960 carie

154 979 230 1025 etiam
240 994 346 1041 exesus,
361 983 490 1028 incensam
505 983 615 1042 legentis
626 981 787 1040 cupiditatem
803 981 950 1038 plerumque

154 1045 254 1093 delusit.
271 1049 359 1095 Plures
370 1050 444 1095 etiam
456 1049 581 1097 lectiones
592 1051 675 1096 varias
685 1051 812 1109 notabam,
824 1048 886 1094 licet
896 1061 951 1095 eam

153 1116 263 1172 spartam
273 1117 365 1162 fusiori
377 1117 449 1175 operi
462 1116 643 1164 reservandam
654 1117 806 1166 censuerim.
834 1116 891 1162 Alia
902 1128 950 1174 po-

154 1185 248 1228 stremo
262 1183 340 1230 multa
355 1185 599 1245 animadvertebam,
614 1200 677 1243 quae
693 1185 725 1231 ad
739 1185 823 1230 Plauti
838 1184 950 1230 criticem

153 1263 308 1310 magnopere
323 1253 471 1300 conterunt:
491 1267 570 1310 eaque
584 1253 629 1312 (ne
640 1253 681 1298 hic
697 1252 782 1298 omnia
791 1251 817 1297 in
834 1256 950 1298 anteces-

153 1331 207 1363 sum
218 1318 309 1380 dicam)
319 1319 420 1366 libellus
430 1323 519 1368 noster
528 1321 581 1368 suis
591 1321 656 1368 locis
667 1319 804 1367 exhibebit.
829 1319 894 1364 lllud
905 1332 950 1377 ge-

153 1386 262 1432 neratim
270 1400 373 1444 moneo,
389 1401 465 1447 saepe
476 1402 566 1436 versus
576 1389 602 1434 in
614 1388 702 1435 codice
712 1387 743 1434 ad
753 1387 825 1446 alias,
837 1400 911 1444 quam
923 1387 950 1432 in

154 1453 306 1500 editionibus
316 1457 443 1512 usuvenit,
450 1457 521 1515 leges
532 1457 650 1503 metricas
662 1455 840 1516 exigi,multos
851 1455 950 1501 deloco

154 1520 318 1580 commoveri,
329 1533 382 1568 non
392 1535 486 1580 paucos
498 1523 572 1569 etiam
583 1523 759 1582 praetermitti.

279 1607 389 1650 Pseudoli
403 1613 557 1662 argumentum
577 1611 694 1654 metricum
707 1611 824 1654 ineditum.

204 1667 320 1725 Denique
330 1681 406 1726 quum
419 1669 522 1728 plurimi
535 1670 595 1716 olim
605 1671 767 1718 (irarnmatioi
776 1670 891 1718 Picatum
903 1671 949 1718 do-

154 1736 201 1782 ctis
215 1735 433 1784 lucubrationibus
447 1737 645 1795 illustravesint,
664 1753 715 1798 ego
729 1739 851 1787 ineditum
864 1741 948 1798 Argu-

153 1806 264 1850 mentum
274 1803 395 1852 Pseudoli
409 1803 519 1852 feliciter
532 1806 633 1864 detexi,
648 1807 787 1854 minoribus
802 1808 889 1864 utique
903 1821 944 1852 ru·

154 1871 432 1933 dioribusqoelitteris,
448 1872 587 1920 sedtamen
597 1873 701 1932 antiqua
713 1889 800 1935 manu,
817 1876 843 1921 in
859 1875 947 1921 eodem

153 1941 315 2000 palimpsesto
327 1942 466 1988 exaratum.
493 1942 575 1998 Atque
584 1941 647 1988 baec
656 1943 736 1988 ferme
748 1945 829 2002 erant,
843 1943 948 2001 quaeda

152 2009 227 2056 novis
236 2009 319 2056 Plauti
327 2008 488 2068 Fragmentis
502 2009 641 2068 praetende
655 2021 713 2056 esse
723 2011 905 2058 existimabam.

464 2089 569 2132 Terentii
579 2087 636 2134 luas.

201 2151 244 2196 Vl.
263 2149 335 2197 Alter
345 2151 439 2198 latinae
454 2149 601 2198 comoediae
615 2151 677 2209 dos,
696 2153 725 2197 ut
739 2165 827 2198 omnes
842 2153 946 2210 norunt,

152 2217 287 2264 Terentius
298 2219 344 2275 est,
355 2219 438 2265 astilo
448 2219 567 2265 Plautino
577 2231 639 2264 sane
649 2217 776 2264 diversus:
794 2232 851 2264 nam
863 2221 889 2264 et
901 2233 946 2265 co-

151 2284 286 2345 micorum,
301 2288 329 2332 ut
341 2286 406 2344 apud
416 2287 541 2346 Graecos,
559 2286 596 2332 sic
606 2285 671 2344 apud
685 2285 791 2332 Latinos
807 2288 866 2330 sunt
880 2287 946 2332 facta

151 2351 269 2398 divortia.
295 2353 343 2400 llio
354 2354 452 2412 quidem
468 2353 613 2416 comoedias
627 2365 681 2398 non
696 2353 757 2398 satis
776 2352 888 2398 ridentes
904 2358 947 2399 aut

151 2419 272 2466 scurriles
282 2421 392 2481 scripsit,
406 2422 450 2468 sed
459 2425 513 2468 arte
523 2433 620 2468 summa
629 2419 772 2467 elaboratas
783 2419 945 2478 prudentiae-

152 2501 201 2544 que
210 2487 378 2546 plenissimas.
412 2491 524 2548 Namque
538 2488 686 2536 humiliores
700 2488 808 2546 ineptias
824 2489 850 2534 et
865 2501 946 2546 paene

150 2555 244 2614 frigida
257 2557 302 2602 ant
318 2557 439 2603 arcessita
453 2557 519 2604 dicta
538 2555 599 2616 (quo
616 2556 678 2602 sitio
694 2570 747 2602 non
762 2569 861 2614 semper
877 2559 947 2603 caret

149 2619 265 2686 Plautus)
275 2623 343 2671 baud
352 2626 450 2672 terebat
459 2624 603 2672 Terentius.
638 2625 725 2682 ltaque
735 2639 791 2672 eum
807 2623 946 2670 dicacitatis

150 2691 291 2739 moderatio
305 2705 334 2739 ac
350 2694 530 2751 temperantia,
547 2694 573 2740 et
586 2693 796 2740 contumeliarum
811 2692 904 2740 raritas
920 2693 945 2738 in

149 2759 237 2820 primis
248 2761 430 2809 commendant.
456 2761 513 2818 Quo
523 2759 711 2810 sturnorum
723 2761 797 2808 etium
808 2761 945 2810 eruendum-
