2162 3094
158 215 210 268 268
484 217 632 264 cdslNd.

231 345 254 387 4.
273 344 346 389 Nunc
357 355 405 400 ego
420 343 446 388 te
458 344 542 399 putans
554 355 628 398 quom
644 341 766 387 arbitrum
780 345 854 389 extro
869 345 961 392 cousi-

295 410 367 457 deam
377 412 522 468 coptcvero.

232 481 255 523 5.
274 512 532 526 ...............................
544 477 657 524 sicevic

228 549 350 594 6.1ubco
366 581 422 592 .......
435 560 484 604 ego
494 559 606 590 murmur
616 579 689 592 .........

229 621 252 659 t.
271 615 345 661 Nunc
360 629 408 672 ego
425 614 492 660 inter
506 627 605 660 ssorum
616 627 755 671 sexumque
765 628 833 676 sum,
847 630 897 664 nec
907 631 960 675 quo

292 675 387 740 lu⁴gism
402 682 456 728 solo
469 680 500 740 ¹).

230 753 253 794 8.
272 784 329 797 .......
345 763 421 796 osnes
431 749 532 807 lupinos
609 749 658 794 fuit

212 819 252 861 1⁰.
271 817 364 864 Hercle
379 817 472 875 opinor
486 851 601 863 ..............
616 816 677 862 illuc
687 830 754 863 nunc
765 819 792 864 ut
805 832 871 865 nova
884 822 960 866 vetus

213 887 253 928 ll.
270 886 324 932 Huc
334 885 376 932 ibo
388 888 434 931 etc.

270 949 379 992 Carmina
387 949 458 1001 igitur
470 949 557 990 inedita
571 951 659 1002 septem
670 953 723 990 sunt
733 948 757 990 in
767 948 862 999 Codice,
879 962 960 1003 quens-

298 1006 334 1047 ris
344 1009 455 1060 occupent
469 1005 568 1059 spatium
582 1008 633 1046 octo
643 1017 759 1047 versuumr
774 1017 826 1046 nsm
836 1007 961 1049 secundum

299 1065 395 1116 propter
404 1059 569 1114 longitudinem
583 1061 660 1102 sudem
676 1059 790 1115 duplicem
799 1059 887 1116 implet.
911 1063 960 1115 lgi-

299 1122 338 1160 tur
351 1117 389 1169 qui
405 1117 497 1172 scripsit
513 1117 538 1158 in
551 1117 690 1158 editionibus
710 1119 790 1159 denunt
806 1123 858 1160 octo
873 1132 958 1168 oerms,

298 1173 388 1214 ridetur
397 1173 531 1227 respexisse
540 1173 570 1214 sd
576 1171 682 1215 codicem
693 1171 841 1216 Ambrosisno
852 1173 960 1217 similem.

271 1229 298 1270 ln
312 1231 421 1281 sequente
438 1229 529 1270 Codicis
548 1229 633 1282 pagins
647 1231 730 1270 extent
743 1231 864 1282 prseteres
878 1245 960 1273 norem

300 1282 346 1324 slis
356 1285 462 1334 css-mins,
478 1284 559 1336 quibus
568 1283 625 1326 lrsec
640 1297 707 1327 scens
721 1285 744 1325 in
754 1285 894 1328 editionibus
904 1287 959 1328 item

299 1342 372 1381 caret:
388 1339 428 1381 scd
438 1338 593 1382 oblitteratum
603 1341 722 1382 materiem
735 1353 800 1382 nemo
809 1339 880 1394 leget.

271 1395 329 1437 Vidi
340 1395 439 1448 denique
450 1393 538 1449 sliquos
547 1409 626 1440 versus
640 1397 751 1446 ineditos,
766 1397 795 1438 cd
806 1410 897 1439 seersum
912 1399 959 1453 pri·

297 1465 356 1494 mum
367 1455 391 1494 ct
401 1451 497 1495 alterum
508 1451 575 1494 huius
585 1453 657 1495 Actus
667 1453 815 1508 pertinentes,
831 1454 871 1495 sed
882 1459 960 1508 poste-

299 1509 359 1550 riore
370 1510 483 1564 scripture
498 1507 567 1563 plene
577 1509 679 1552 obrutos.

428 1611 697 1660 cssrunnnnln.

159 1693 261 1746 erinque
277 1693 300 1734 in
316 1692 400 1735 Codice
415 1694 491 1748 reperi
509 1692 576 1736 huius
589 1690 693 1735 Fsbulcc
709 1691 767 1734 folia
784 1691 881 1742 inedita,
901 1705 961 1747 quus

189 1751 274 1792 hubent
288 1763 367 1792 versus
382 1749 474 1792 circiter
488 1753 536 1792 180.
561 1749 629 1791 Certe
644 1749 723 1804 cuique
738 1747 824 1802 legenti
837 1751 914 1800 patet,
934 1750 960 1790 in

186 1807 325 1848 editionibus
338 1805 397 1848 lrenc
406 1803 518 1848 Fabulam
532 1804 598 1848 vslde
609 1819 659 1848 esse
673 1803 785 1848 mutilam.
808 1804 898 1858 Respse
908 1805 960 1847 eius

185 1861 269 1904 multos
285 1861 360 1904 lristus
374 1862 519 1904 Ambrosieni
531 1861 628 1904 Codices
637 1861 777 1903 recentiores
787 1860 870 1914 spatiis
880 1861 959 1902 vacuis

185 1919 293 1972 produnt.
308 1918 358 1972 Ego
369 1930 404 1969 ss,
419 1930 476 1971 quoe
491 1919 515 1961 in
525 1916 589 1960 foliis
598 1915 750 1972 Palimpsesti
761 1916 912 1970 antiquissimi
923 1915 959 1958 le-

185 1988 237 2026 gere
248 1975 312 2030 potui
324 1986 396 2028 peuce
406 1975 527 2016 admodum
537 1974 560 2015 in
570 1973 642 2016 lucem
652 1973 753 2028 profero.

158 2035 209 2081 Sed
224 2035 284 2093 quid
302 2035 377 2080 istum
397 2034 476 2080 adicis
478 2067 922 2082 ...................................................
934 2069 938 2081 .

158 2103 224 2156 Quis
234 2103 320 2150 vivum
330 2137 387 2150 .......
398 2102 474 2148 doleo
486 2137 542 2149 .......
553 2103 575 2148 si
585 2105 612 2148 tu
624 2102 661 2146 vis
731 2098 760 2164 ²)
778 2101 854 2147 Volo.

157 2173 189 2218 nt
200 2172 268 2218 enim
278 2185 311 2217 ne
320 2172 376 2217 tots
390 2184 470 2229 ponus
482 2183 581 2229 pugnos
591 2171 649 2216 tuos
659 2170 686 2216 iu
696 2169 801 2227 imperio
813 2183 879 2215 meo.

157 2242 290 2297 Nunquam
304 2274 421 2287 ..............
440 2238 514 2286 fidem
680 2271 929 2284 ..............................

157 2308 207 2354 Sed
217 2323 265 2367 ego
281 2308 389 2366 primum
397 2306 441 2353 Dii
450 2306 509 2365 quis
519 2340 576 2354 .......

157 2377 217 2422 Sum
228 2376 302 2422 nihili
312 2375 376 2421 nihil
385 2409 442 2422 .......

157 2444 318 2495 Qucemesm
328 2458 362 2490 su
373 2478 429 2491 .......
440 2443 532 2502 dignus
542 2474 599 2488 .......

190 2626 208 2657 1.
221 2620 262 2657 Hic
271 2635 341 2660 versus
354 2635 417 2671 prens
428 2625 509 2660 totidem
518 2621 586 2661 verbis
601 2628 654 2659 exist
664 2622 741 2672 Csptiv.
750 2629 770 2662 8.
778 2627 797 2660 4.
807 2626 838 2663 84.

189 2670 208 2702 2.
220 2667 353 2706 Personarum
367 2669 450 2707 nornins
467 2670 489 2706 in
505 2669 644 2718 suiiquisrimo
661 2675 730 2706 nostro
742 2669 875 2717 Palimpseslo
893 2681 956 2718 prse-

157 2717 261 2758 ponuntur
287 2713 469 2758 uidsmsoensrunr
483 2714 559 2757 initiis,
577 2715 612 2751 sed
622 2714 718 2764 deinceps
731 2716 862 2760 omittuntur3
883 2717 955 2753 relicto

156 2763 220 2796 tomen
231 2761 317 2808 spatiolo
327 2762 352 2799 sd
361 2760 382 2800 id
392 2762 431 2800 loci
444 2761 517 2814 (voluti
527 2760 569 2809 uic)
585 2760 617 2798 ubi
629 2775 651 2799 es
659 2762 761 2814 interponi
772 2763 883 2814 oportebat·
