2162 3094
188 167 238 222 2⁴2
462 166 714 218 FRAGMENTA.

189 298 212 342 7.
231 297 290 343 Non
301 295 373 352 qumi
382 296 411 341 ut
419 294 483 341 haec
493 297 552 340 aunt
564 294 606 340 hic
615 293 719 342 limace·
731 294 834 355 lividae,

234 363 389 424 diobolarea,
401 361 572 421 scoeniculae,
583 362 730 422 miraculae,

270 426 346 470 Varro
357 427 385 469 da
399 427 425 468 L.
437 427 463 468 1..
474 429 495 476 9,
505 440 525 469 c.
535 431 556 468 4.
572 425 634 469 Fene.
644 441 665 469 v.
675 424 846 470 schoeniculas.

225 490 354 549 caraune,
366 485 532 546 crupcdulaa,
542 486 718 546 atrictipellae,
728 487 850 547 tantulae,

270 550 344 594 Varro
354 551 410 592 ibid.
425 549 486 593 Gall.
495 554 517 600 9,
526 553 549 593 8.
573 547 632 592 Nun.
640 565 661 592 v.
673 551 791 606 Scruptu.
875 587 880 596 .

230 627 286 660 cum
297 611 400 659 extriti·
409 611 481 671 talin,
497 624 553 658 cum
566 609 674 657 crotiliia
685 612 818 671 crusculis,

269 675 334 718 Fert.
345 673 362 718 l.
376 673 393 716 1.
409 678 429 716 9.
449 674 513 718 Faat.
527 687 562 716 vv.
578 673 728 726 eracemum,
748 673 900 726 Succmtilla,
916 673 984 718 Torii.

391 731 504 774 Priscian.
513 729 530 772 l.
540 733 561 772 a.
576 743 599 785 p.
610 733 658 773 611.
669 729 763 774 Putrch.

230 793 323 851 capilio
333 791 415 839 acino
429 794 505 850 atqua
521 791 656 838 exciamtia
666 792 777 839 auribur.

181 891 185 901 ,
269 855 329 899 Non.
343 870 364 898 v.
375 856 522 899 Excimatum
536 868 560 910 p.
571 858 620 898 ⁵⁴4.
632 855 668 898 ad.
679 853 749 899 Merc-

203 938 227 980 8.
245 933 344 982 Malum
357 934 443 980 aufer:
464 935 557 980 bonum
567 932 629 980 mihi
639 945 702 992 opus
713 936 758 980 eat.
833 963 837 970 ·

269 997 334 1041 idem
343 998 378 1040 in:
394 997 457 1053 Opus
466 1000 501 1040 eat
511 995 574 1039 illam
585 1009 640 1039 ram.

203 1062 226 1104 9.
558 1081 589 1090 -
610 1056 688 1110 Quasi
704 1056 803 1103 tolieno

241 1127 282 1174 vel
291 1126 370 1186 pilum
380 1126 513 1185 Graecum,
528 1125 675 1184 reciproce·
686 1124 762 1183 plana
773 1125 822 1172 via.
833 1151 867 1160 -

270 1189 333 1233 Feat.
344 1203 364 1232 v.
376 1190 536 1246 Reciprocare.

187 1257 229 1302 19.
248 1256 316 1310 Quin
326 1257 357 1315 ia,
369 1256 392 1302 ai
402 1257 500 1302 iturust
518 1255 629 1302 Nimium
640 1269 667 1302 ca
678 1255 802 1314 vegrandi
812 1255 902 1315 gradu.

271 1319 335 1362 Iriem
345 1333 367 1361 v.
377 1319 507 1372 Vegramia.

187 1384 227 1430 11.
245 1381 292 1429 Pul
302 1379 335 1428 ad
345 1380 495 1440 cubiturum,
504 1382 599 1442 mater,
614 1395 753 1440 megenum
764 1381 878 1428 exercita

237 1452 296 1509 ate,
309 1462 384 1508 quam
398 1448 430 1495 ad
442 1461 587 1508 curantem,
607 1463 638 1496 eo
648 1462 704 1497 aum
713 1449 877 1496 tardiuscuia.

272 1513 294 1555 N
297 1528 333 1557 nn.
344 1528 364 1556 v.
377 1512 468 1556 curcur.

188 1577 228 1621 12.
248 1575 331 1629 Quid?
349 1575 417 1621 tuam
428 1573 501 1620 timer
512 1572 627 1634 amicam,
638 1587 672 1622 ne
681 1575 707 1620 te
718 1573 836 1622 manuiea

240 1644 320 1692 caieti

270 1705 378 1759 Fuigent.
393 1707 422 1804 tila¹
441 1705 589 1804 Qnffinti‘
606 1703 689 1758 virgil.
723 1704 842 1760 raythum.
857 1702 899 1748 lat.
923 1705 987 1749 Mun-

394 1776 455 1804 cer.
466 1775 489 1816 p.
543 1791 548 1802 .

188 1826 229 1871 13.
246 1822 474 1930 Ριέ1ἰὺο1ᾱίνῗίίἰι
485 1821 618 1882 maxumin,
629 1821 688 1869 rote
699 1821 765 1869 altili
775 1824 850 1881 atquc
861 1823 956 1883 opima.

294 1901 329 1930 cn.
341 1902 360 1929 v.
371 1886 419 1930 Alti
431 1901 451 1930 c.

179 1951 227 1994 11.
246 1949 403 2006 Expurgabo
417 1947 503 1994 hercle
514 1947 600 1994 omnia
609 1945 640 1994 ad
650 1959 751 1994 raucam
761 1947 850 1996 ravim.

268 2012 333 2054 Idem
342 2026 364 2054 v.
374 2013 452 2054 Ravia.

187 2075 227 2119 15.
247 2073 318 2125 Quae
329 2073 401 2130 qumi
411 2071 545 2118 carnuficia
556 2071 692 2130 angiporta
701 2072 823 2132 purgitae.

269 2134 335 2178 irem
348 2150 370 2178 v.
381 2136 530 2190 Angiportm.

187 2201 227 2244 16.
246 2199 317 2244 intro
328 2200 406 2245 abeo:
423 2210 482 2243 nam
491 2195 652 2244 meretricem
662 2195 763 2245 adatara
773 2197 798 2242 in
812 2197 851 2242 via

238 2265 327 2326 aelam,
341 2264 497 2324 proatibulae
512 2279 574 2312 eane
585 2267 632 2312 eat.

269 2329 333 2372 Idem
345 2345 364 2373 v.
376 2328 515 2372 Prmtmuia.

186 2393 226 2437 ii.
244 2417 279 2425 —
296 2391 438 2437 Meminere
448 2389 555 2436 officium
567 2403 647 2435 auum.

268 2455 332 2497 lricm
343 2469 366 2512 p.
376 2458 425 2498 199.
436 2454 505 2496 Merc.

187 2520 226 2564 18.
244 2519 330 2566 Potin’
349 2535 377 2567 ea
397 2522 439 2579 tu,
459 2520 550 2578 home,
571 2520 670 2564 iacimus
690 2519 935 2566 faeereairenuumi
956 2519 984 2566 N·
1057 2565 1058 2570 ,

458 2587 574 2634 Aliorum
584 2587 687 2632 adfatim
699 2591 745 2644 eat,

237 2652 397 2760 ᾳυὲἰῗῗίῗηξε
408 2667 470 2700 aene
481 2668 575 2712 egome
586 2653 647 2700 noio
657 2656 749 2702 sortem
760 2654 984 2714 perhiberivirum.

291 2729 303 2756 a
325 2747 329 2756 .
355 2747 361 2766 ,
386 2748 391 2758 .
