2162 3094
377 185 648 235 crsrnundma.
864 184 914 236 269

187 313 278 358 acerba
286 310 382 357 laceret
464 311 533 368 frugi
543 323 596 356 non
607 311 707 367 quaeris
731 335 737 344 ·

116 381 233 427 Praestat
246 413 303 426 .......
313 391 436 434 quoecon
450 413 507 424 .......
518 391 598 424 cum..
602 414 640 424 .....

117 451 206 506 Neque
216 446 285 494 Deo·
294 459 376 503 neque
389 445 505 491 hominen
515 459 621 502 aequom
633 448 671 492 est
680 449 773 504 facere,
785 449 832 494 etsi
843 450 914 506 pout·

152 517 199 562 hac
218 514 273 560 aim.

120 585 191 638 Quae
200 581 262 628 mihi
272 583 339 627 eruet
353 582 527 628 commendata
542 584 567 627 ct
579 597 649 628 nicae
660 582 717 628 fidei
727 584 882 640 concredita,

119 653 191 705 Quae
201 651 269 696 canet
282 650 390 695 aetatem
403 663 501 695 mecum
516 652 650 709 exactura,
670 664 768 696 mecum
785 651 812 695 in
829 652 915 696 matri-

151 717 248 765 monio.

119 787 257 843 compecto
269 783 293 846 ¹)
304 785 350 845 rit,
368 799 459 843 capere
470 787 585 846 oportet,
599 799 682 842 neque
698 799 753 832 eam
764 785 790 846 ²)
807 801 915 843 uuquam

151 867 257 912 ponere.

117 922 185 968 Erili
200 952 316 968 ..............
329 921 409 968 tribue
420 921 524 967 multum
536 921 604 967 crcdi
615 923 736 980 oportere
746 922 864 968 arbitror.

119 991 191 1044 Quae
273 987 364 1034 clamat
441 988 525 1036 mariti
534 1003 581 1034 aua
590 991 618 1034 ut
633 1024 690 1036 .......
702 990 778 1035 solita
788 990 823 1035 eia

120 1060 158 1104 Ob
168 1057 233 1104 intua
245 1055 362 1102 invadiet
376 1070 433 1101 eum
443 1057 533 1115 dignun
545 1056 646 1103 deciens
657 1057 699 1114 qui
709 1059 781 1103 furca

120 1125 229 1182 Egomet
237 1123 329 1169 laetor.
365 1123 413 1170 Sed
424 1124 483 1180 quid
493 1127 582 1170 auctor
594 1138 662 1170 nunc
675 1125 735 1170 inihi
747 1126 798 1171 eati

279 1190 417 1248 suspendae
428 1225 508 1238 ..........

119 1359 412 1373 ...................................
426 1327 467 1373 hic
477 1327 572 1372 insanit
581 1327 658 1373 minei·

119 1426 376 1441 ...............................
389 1393 674 1441 ιιίΙιίΙιιιοιόι·.,......,..,..

118 1462 167 1510 Vbi
176 1463 236 1508 eunt
245 1473 310 1518 quae
320 1460 399 1506 iunii
417 1474 480 1507 cane
490 1495 547 1507 .......
560 1475 614 1507 non
624 1463 734 1508 eutrotia

119 1529 251 1576 Monuiaae
261 1526 338 1575 credo
347 1527 459 1573 nocenti.
496 1529 557 1573 (ium
566 1528 641 1575 illaec
651 1530 688 1575 eic
700 1531 763 1577 facia

120 1600 208 1644 Vtrum
217 1595 319 1655 delirae,
330 1607 434 1654 quaero,
449 1609 482 1640 an
491 1609 578 1642 amana
588 1597 717 1642 somniari

119 1666 170 1718 Qui
179 1678 253 1722 equm
262 1677 301 1709 me
312 1662 365 1720 opii
374 1676 428 1708 non
438 1663 476 1708 vie
486 1662 592 1710 loricam
606 1663 740 1711 adducere.

118 1732 213 1779 Multos
227 1731 340 1777 hastatos
359 1733 417 1788 poet
435 1729 461 1776 id
474 1729 566 1776 multos
585 1731 674 1777 velites

118 1800 213 1846 Multos
225 1811 281 1844 cum
294 1797 388 1843 multia.
422 1797 492 1844 Haec
501 1800 529 1844 tu
543 1796 592 1858 (ie)
602 1813 665 1844 ruor
674 1835 730 1846 .......

118 1863 184 1913 Mihi
193 1866 326 1913 fabulatus.
360 1863 439 1911 Dixin
451 1879 499 1923 ego
514 1866 592 1912 istaec
607 1869 731 1913 obsecroi

117 1935 195 1982 Modo
206 1933 306 1992 quidem
314 1931 401 1979 hercle
411 1932 514 1979 dixirtei
526 1947 579 1978 non
590 1948 711 1991 praesen·
721 1936 828 1992 quidem.

117 2002 291 2060 Precatigator
301 2013 337 2059 ee,
348 2000 471 2058 siquidem
480 2000 521 2047 hic
531 2015 584 2047 nou
595 2015 622 2048 ee
633 2005 708 2060 atque
717 2017 812 2050 omens.

117 2071 198 2116 Video
210 2083 258 2129 ego
268 2072 294 2116 te
303 2069 397 2114 amori·
407 2067 481 2115 valde
490 2070 584 2116 tactum
593 2070 691 2130 toxico,

121 2137 274 2184 Aduleecena
289 2134 328 2198 ³):
348 2149 379 2182 co
390 2137 415 2182 te
430 2136 511 2195 magia
523 2137 582 2184 volo
594 2138 724 2184 monitum.
760 2141 846 2186 Mane.

118 2209 186 2253 cave
197 2206 232 2252 ιίι
242 2219 298 2252 cum
308 2217 395 2251 amore
407 2206 435 2249 tu
444 2218 554 2262 unquam
564 2205 657 2251 beilum
666 2208 812 2262 sumpseris.

119 2274 186 2328 Quid
195 2273 301 2320 secant
319 2271 358 2319 Ad
368 2276 473 2318 matrem
484 2273 539 2319 eiua
551 2273 670 2320 devenio·
684 2273 783 2319 domum
794 2269 828 2334 ⁴):

117 2342 261 2400 Exporge,
277 2341 360 2400 iures,
376 2353 434 2386 orec
444 2339 570 2388 blanditer
580 2341 706 2401 precibus,

151 2502 170 2534 1.
184 2494 234 2532 eod.
243 2494 346 2543 compecti.

150 2547 170 2580 9.
183 2540 232 2579 coa
245 2553 285 2578 m.

151 2595 169 2629 ³.
182 2589 239 2626 Patet
247 2599 352 2644 perronam
361 2588 388 2626 alr
404 2603 448 2626 uam
457 2587 514 2640 ioqui
529 2603 574 2628 eum
583 2591 709 2648 adoleroentc
718 2589 878 2648 Mwuimaraho.

151 2639 172 2673 ⁴.
183 2635 261 2672 Ravorn
269 2633 394 2690 Mourimene
411 2649 433 2674 ιιι
442 2636 488 2692 Aet.
497 2642 516 2693 ζ.
531 2637 563 2675 se.
572 2645 589 2676 1.
603 2644 660 2676 venit
669 2639 694 2676 nd
702 2638 837 2676 Melaenidean
841 2663 850 2682 ,
864 2649 914 2692 quun

118 2681 434 2778 ῗῶἱιοὶιῗιῗοιιιὲἒῑῦἱιιᾚῖὦίυέ
439 2683 519 2770 δὲίοὲιὲι.
540 2686 601 2723 Hune
610 2693 675 2724 autem
684 2685 752 2723 Plauti
767 2687 834 2722 iocum
845 2684 914 2722 imila-

359 2743 368 2764 a
400 2743 413 2772 ι,
437 2755 441 2766 .
465 2756 470 2766 .
503 2755 509 2768 .
